3700 5692
973 738 1019 803 66

410 920 454 980 dit
472 920 552 994 bien,
576 920 659 994 quasi
672 916 781 980 diceret
795 919 869 1007 bene
883 924 941 993 est,
964 916 1067 979 inciam
1082 934 1182 979 eorum
1200 918 1386 993 mentionem,
1410 918 1483 994 quod
1494 918 1563 980 Deus

410 1022 490 1085 faxit.
527 1026 622 1100 Atque
641 1026 688 1085 hic
709 1023 764 1085 iuit
782 1026 868 1100 hujus
890 1025 947 1085 dici
966 1029 1057 1085 actus.
1094 1022 1306 1084 (lubicularium
1326 1028 1420 1085 summ
1440 1030 1563 1100 argenteo

409 1146 495 1191 numo
508 1131 722 1205 honoravimus,
746 1138 780 1192 ut
798 1132 890 1193 nostri
910 1147 981 1205 ergo
1001 1130 1164 1203 diligentius
1184 1129 1261 1204 apud
1279 1130 1429 1205 presulem
1447 1131 1563 1191 instarct

497 1236 574 1297 Dum
594 1237 749 1312 hospitium
768 1236 946 1297 Coloniensis
965 1236 1189 1311 preteririmus,
1217 1237 1368 1311 episcopus
1387 1241 1472 1310 caput
1493 1252 1509 1295 e
1529 1234 1564 1295 ie·

410 1347 510 1403 nestra
523 1342 719 1418 porrigit-cui
732 1343 823 1404 dectis
838 1342 979 1418 capitibus
992 1342 1132 1403 honorem
1143 1340 1303 1417 habuimus,
1317 1340 1385 1403 licet
1395 1342 1420 1401 is
1432 1356 1483 1401 nos
1495 1344 1567 1401 torve

409 1445 579 1509 intueretur.

496 1554 607 1614 Eadem
628 1571 647 1614 a
669 1555 793 1628 quodam
814 1556 991 1631 accepimus,
1020 1552 1169 1615 (latiorum
1196 1554 1319 1628 principi
1345 1554 1514 1628 injunctum,
1539 1554 1567 1610 ut

409 1658 562 1733 capsellam
582 1664 634 1719 aut
653 1675 749 1720 arcam
768 1662 879 1736 potius,
902 1662 934 1719 in
955 1676 1013 1733 qua
1033 1659 1062 1719 d.
1082 1657 1259 1718 Elisabethae
1278 1658 1408 1733 reliquias
1426 1660 1567 1719 assemata

409 1768 519 1837 ament,
543 1764 640 1825 domui
655 1766 819 1825 Teutonicae
833 1766 865 1824 in
879 1764 1039 1840 hlarpnrgo
1054 1764 1137 1825 reddi
1151 1768 1275 1824 emanet.

497 1868 609 1929 Aderat
628 1877 658 1930 et
671 1871 809 1945 Augustae
829 1871 957 1931 ioannes
977 1887 995 1931 a
1014 1869 1150 1930 Reidesel
1171 1868 1443 1930 archimarschalcus
1456 1864 1565 1941 Hassioe,

408 1974 455 2037 cui
468 1988 533 2036 cum
547 1973 651 2037 abbate
665 1974 863 2036 Hersieldensi
877 1976 916 2037 ob
931 1976 1097 2052 oppidulum
1111 1974 1228 2049 ahquod
1241 1990 1289 2034 res
1303 1978 1376 2034 crat.

496 2080 607 2141 Eadem
613 2082 741 2144 ioannes
752 2080 850 2157 frater,
859 2082 1003 2157 Liborius‚
1019 2080 1207 2163 Wendelinus
1221 2086 1251 2141 et
1261 2076 1384 2140 Lindius
1396 2096 1460 2140 cum
1472 2080 1566 2154 scripto

409 2189 603 2263 compromissi
625 2188 663 2249 ad
684 2188 828 2248 dominam
848 2189 1007 2263 principem
1029 2188 1211 2259 missisunt,
1233 2190 1373 2246 nontam
1397 2186 1436 2247 ad
1459 2201 1518 2245 oum
1533 2198 1568 2243 ea

408 2290 559 2371 agendum,
578 2309 636 2368 qno
650 2294 773 2369 sigillum
787 2294 943 2369 appendat,
964 2308 1050 2368 quam
1064 2310 1101 2353 ne
1116 2309 1135 2352 a
1149 2290 1233 2352 nobis
1247 2294 1414 2365 contempta
1425 2288 1567 2363 videratur,

409 2403 442 2458 ut
456 2399 547 2459 multa
561 2396 635 2459 fiunt
653 2398 690 2459 ab
711 2400 881 2475 hominibus,
905 2416 970 2473 quac
986 2398 1098 2460 etiamsi
1111 2399 1272 2458 intermissa
1287 2396 1405 2472 vellent,
1428 2402 1519 2457 tamm
1531 2390 1566 2454 lu·

409 2502 510 2573 cienda
524 2505 652 2564 veniunt.
681 2504 819 2566 Attamen
832 2506 958 2582 sigillum
973 2520 1132 2581 appensum
1146 2508 1199 2564 est.

495 2608 607 2669 Eadem
627 2610 827 2674 Ferdinnudus
848 2628 900 2671 rex
918 2626 1053 2685 proceres
1074 2610 1183 2684 aliquot
1201 2606 1240 2668 ad
1260 2608 1404 2668 dominam
1423 2606 1567 2683 principem

408 2712 503 2787 mittit,
526 2730 579 2788 per
600 2730 649 2775 eos
669 2730 784 2789 rogans,
807 2719 840 2774 ut
860 2716 986 2775 crastino
1006 2714 1044 2777 ad
1061 2717 1163 2776 horam
1180 2714 1334 2774 secuudum
1353 2712 1567 2805 pomeridianam
1640 2764 1641 2777 ι

406 2818 535 2892 exequiis
557 2820 634 2893 regis
653 2820 781 2879 Poloniae
802 2821 943 2881 interesse
963 2822 1040 2882 velit.
1080 2820 1223 2895 Optimam
1247 2818 1408 2895 principem
1431 2835 1449 2879 a
1473 2814 1567 2879 dextris

406 2923 483 2997 regis
498 2924 623 2984 coelmtis
637 2926 724 2986 timor
744 2931 774 2986 et
792 2926 939 2986 reluctans
961 2928 1136 2987 conscientia
1156 2926 1245 3000 angit,
1269 2941 1287 2985 a
1305 2925 1433 2985 sinistris
1452 2924 1568 3000 potentia

406 3028 516 3088 terreni
529 3030 606 3104 regis
621 3032 825 3105 sanguinisque
839 3032 1047 3107 propinquitas.
1078 3032 1153 3092 Nam
1173 3037 1203 3091 et
1216 3036 1309 3091 mater
1322 3030 1525 3105 Laudtgraria
1538 3042 1567 3087 er

406 3135 488 3209 regio
510 3134 687 3195 Polonornm
709 3138 849 3211 sanguiue
870 3142 948 3209 erat,
971 3143 1001 3197 et
1021 3138 1116 3197 mariti
1136 3136 1257 3213 insuper
1278 3136 1432 3211 captivitas
1456 3136 1566 3197 divexat.

406 3236 547 3300 Dominus
569 3246 712 3303 scrutator
734 3258 835 3301 renum
857 3246 887 3303 et
907 3248 1076 3302 moestorum
1105 3242 1235 3302 cordium
1261 3242 1428 3305 consolator
1455 3242 1503 3303 det
1521 3238 1568 3314 ipsi

405 3345 575 3420 sapientiam
589 3354 620 3407 et
632 3348 795 3422 consilium,
819 3363 875 3422 quo
890 3347 1049 3423 periculum
1063 3348 1184 3409 evadere
1198 3349 1298 3423 possit.

493 3451 585 3511 bilius
599 3454 676 3527 regis
690 3452 819 3513 Polonise
834 3452 910 3528 regis
918 3452 1095 3515 Ferdinandi
1109 3450 1197 3514 lil'um
1210 3454 1242 3513 in
1254 3468 1375 3512 uxorem
1388 3452 1497 3526 habuit,
1510 3464 1567 3527 que
1638 3436 1639 3447 ’

406 3561 474 3617 ante
488 3570 580 3617 annos
595 3555 699 3617 abhinc
713 3562 775 3618 tres
790 3558 849 3619 vita
863 3560 993 3635 excessit.
1637 3620 1638 3625 ,

495 3660 606 3721 Eadem
628 3661 717 3724 Ottho
737 3679 832 3723 comes
853 3682 872 3725 a
890 3664 1039 3740 Rethberg
1058 3680 1110 3740 per
1131 3666 1292 3725 ministrum
1310 3680 1394 3724 suum
1416 3662 1566 3725 Wuldecios

405 3769 436 3827 in
458 3768 614 3828 mastinum
637 3768 675 3830 ad
696 3769 847 3843 prandium
868 3771 996 3844 vocavit,
1026 3770 1072 3830 cui
1094 3785 1201 3830 morem
1222 3784 1326 3845 gerere
1348 3784 1408 3829 non
1431 3784 1514 3829 unam
1535 3762 1566 3823 oh

406 3886 520 3931 caumm
533 3872 605 3932 utile
620 3874 703 3934 nobis
717 3876 877 3937 videbatur.
1453 3873 1457 3881 ’
1637 3854 1638 3872 ¹

464 3990 467 3996 ·
492 3976 603 4065 Eadem
616 3978 797 4039 hildericum
811 3996 924 4055 quoque
939 3996 958 4039 a
973 3979 1170 4055 burstenberg
1189 3979 1291 4041 adesse
1311 3980 1452 4055 comperti
1470 3990 1564 4039 summ.

493 4080 662 4143 Wilhelmus
677 4100 771 4145 comes
785 4093 901 4146 nostros
915 4088 1091 4160 interrogat,
1116 4085 1230 4159 quinam
1244 4100 1276 4145 se
1296 4102 1344 4145 res
1366 4090 1474 4145 nostrae
1487 4080 1563 4141 habe-
1636 4158 1637 4163 ἵ

403 4193 478 4248 rent.
507 4186 548 4248 Et
561 4194 749 4265 posteaquam
763 4190 881 4252 edoctus
895 4189 959 4265 iuit,
984 4190 1086 4265 quibus
1101 4190 1295 4266 sycophantiis
1309 4189 1458 4251 nobiscum
1472 4188 1563 4248 udaie
1589 4268 1591 4273 Α
1636 4178 1637 4221 l

403 4296 461 4369 tur,
485 4293 625 4372 proiecto,
648 4295 751 4371 inquit,
775 4296 929 4357 dolendum
945 4301 998 4371 est,
1015 4295 1093 4370 quod
1108 4306 1182 4356 unus
1196 4294 1281 4357 homo
1297 4297 1392 4357 omnia
1406 4296 1563 4369 exequatur,

404 4394 522 4476 Gelbes,
546 4401 657 4476 Italica,
681 4402 811 4477 Anglica,
834 4400 1005 4461 Germanica
1020 4407 1050 4461 et
1067 4402 1187 4476 negocia
1204 4406 1234 4461 et
1252 4401 1421 4477 legationes,
1445 4413 1496 4459 nec
1509 4392 1565 4455 fieri

403 4507 507 4579 potest,
531 4506 613 4567 utin
631 4512 713 4567 tunm
732 4506 917 4580 negociorum
935 4509 1020 4580 mole,
1044 4508 1105 4567 sine
1125 4508 1290 4581 longissima
1309 4523 1399 4580 mora,
1424 4504 1563 4579 quicquam
1635 4548 1636 4570 ι

404 4601 443 4667 ad
456 4604 544 4668 tinem
557 4612 648 4686 probe
661 4610 780 4687 perduci
794 4617 890 4686 queat.
922 4612 1019 4685 Quare
1039 4611 1161 4673 dominis
1180 4614 1284 4673 vestris
1304 4612 1482 4673 cunctatione
1500 4618 1563 4683 opus

405 4716 458 4784 est,
480 4718 514 4772 ut
528 4714 656 4787 quotidie
670 4719 786 4777 instent.
816 4717 858 4777 Et
876 4718 944 4778 dum
964 4719 1056 4777 ncsmi
1074 4718 1212 4792 dicerent,
1235 4734 1288 4778 nos
1308 4724 1337 4779 et
1357 4716 1460 4791 sepius
1475 4718 1504 4774 ct
1516 4712 1561 4770 im·

405 4820 527 4887 portuno
540 4818 657 4892 instare,
679 4822 838 4898 respondit,
860 4822 942 4884 Nihil
955 4818 1054 4885 refert
1093 4822 1169 4886 Nam
1183 4824 1296 4886 etiamsi
1309 4838 1359 4885 sos
1372 4822 1450 4899 ipsos
1464 4820 1561 4894 impar·
1634 4876 1635 4920 ἦ
