3700 5692
976 740 1021 806 98

408 901 582 996 prumam
597 938 715 983 menne
729 923 927 998 intepueram
941 922 995 981 sior
1010 923 1286 999 aremarensem,
1302 938 1338 983 ae
1352 916 1454 985 renue
1468 938 1527 983 oum
1539 939 1566 983 s

407 1028 472 1103 ipse
486 1045 538 1088 suo
553 1029 628 1089 malo
651 1029 847 1104 experiretur,
873 1026 995 1087 eundem
1010 1033 1040 1087 et
1062 1026 1101 1088 ab
1122 1028 1288 1089 edversario
1308 1045 1362 1090 suo
1381 1029 1413 1088 in
1432 1028 1568 1088 eondliun

408 1132 567 1194 adhibitum
582 1149 653 1209 esse,
678 1135 861 1207 expostulans
875 1148 940 1191 oum
952 1133 1121 1208 iurisperito
1136 1134 1193 1193 ait:
1215 1132 1283 1194 Nou
1303 1134 1384 1207 potui
1398 1135 1430 1193 in
1444 1135 1497 1194 hac
1509 1149 1567 1193 een

407 1254 440 1297 sa
454 1256 548 1299 meum
570 1240 672 1299 bouem
690 1241 863 1316 mugientem
878 1237 989 1298 audire.
1029 1238 1107 1297 Vere
1121 1238 1202 1313 dicis,
1224 1238 1375 1313 respondit
1385 1240 1567 1313 jurisperitus,

408 1358 474 1402 nam
488 1349 574 1418 ceput
587 1344 713 1426 habebat
727 1345 825 1405 tunica
839 1344 1002 1403 holoserica
1016 1358 1053 1401 er
1066 1344 1201 1403 martium
1214 1344 1337 1418 pellibus
1353 1344 1477 1405 obducta
1490 1343 1568 1404 ebro

407 1447 511 1523 lutum,
533 1449 662 1509 indicans
681 1450 772 1524 msgm
794 1450 887 1522 ipsum
906 1448 944 1508 ad
964 1448 1177 1523 preciositatem
1197 1449 1299 1525 vestm,
1323 1432 1464 1523 quam'ad
1476 1450 1570 1524 prioris

408 1534 510 1612 munus
525 1558 575 1613 eut
585 1555 634 1627 jus
651 1556 776 1613 animum
789 1555 921 1614 vertisse.

496 1655 607 1716 Eadem
630 1674 649 1716 u
671 1659 842 1717 consiliariis
865 1657 1061 1733 imperialibus
1083 1657 1161 1719 fecta
1186 1664 1232 1719 est
1253 1661 1360 1741 mentio
1381 1656 1517 1720 wnlffile
1540 1676 1570 1718 ex

408 1762 485 1821 omni
499 1769 583 1838 parte
592 1760 702 1823 Wulffii
717 1761 786 1837 qnid
801 1778 859 1822 non
875 1762 1086 1823 esculentorum
1101 1766 1195 1839 gratia
1207 1763 1342 1825 lurcones
1357 1780 1417 1825 non
1432 1771 1570 1840 egenter

407 1868 463 1926 boc
476 1869 583 1943 patuit,
608 1868 687 1941 quod
709 1866 848 1942 capos'et
869 1867 1001 1941 perdices
1021 1885 1038 1929 e
1059 1869 1216 1929 Mecblinia
1236 1869 1404 1929 Brubsntiae
1422 1868 1570 1943 Augustam

408 1977 563 2047 apportare
576 1978 723 2034 curarunt.
762 1973 867 2034 Florus
890 1972 929 2034 ad
951 1975 1028 2035 bunc
1047 1990 1139 2051 usque
1159 1974 1235 2036 diem
1248 1976 1412 2035 miserrime
1428 1980 1458 2034 et
1474 1975 1571 2036 calculo

409 2084 440 2139 et
452 2079 598 2139 ilienteriu
611 2079 734 2139 laborat.

494 2184 604 2245 Eadem
619 2183 740 2244 Carolus
753 2184 912 2247 aStoclrem
927 2192 957 2246 et
971 2202 1025 2261 ego
1041 2184 1188 2247 doctorem
1202 2185 1414 2261 Murquerdum
1428 2186 1567 2257 adivimus,

408 2287 489 2362 eujus
504 2288 653 2349 eonsilium
667 2296 732 2350 erat
745 2290 784 2351 ad
797 2290 858 2351 dies
873 2292 983 2365 aliquot
998 2306 1107 2351 morem
1122 2296 1248 2365 nectere,
1271 2290 1377 2377 deinde
1390 2291 1511 2352 liberius
1524 2304 1570 2365 pro

408 2392 571 2456 dimissione
583 2396 702 2456 instare.
734 2395 818 2469 Quod
838 2400 934 2457 autem
949 2396 985 2455 de
999 2395 1163 2456 dimissione
1183 2396 1261 2471 apud
1274 2395 1486 2469 Murquardum
1500 2410 1569 2455 men·

407 2501 515 2560 tionem
529 2499 698 2577 feceramus,
712 2502 774 2561 beo
789 2517 877 2561 ceusu
891 2501 1017 2576 suberat,
1042 2500 1121 2575 quod
1135 2500 1218 2560 nobis
1233 2516 1402 2575 persuasum
1420 2505 1493 2575 erat,
1507 2514 1569 2559 aon·

408 2605 493 2664 nullis
508 2606 557 2679 qui
571 2623 632 2666 una
645 2606 793 2668 nobiseum
806 2607 967 2681 Augustum
981 2608 1063 2667 citsti
1077 2604 1206 2681 fuerunt,
1225 2606 1341 2667 domum
1355 2606 1505 2667 remeandi
1517 2620 1569 2663 eer-

408 2714 470 2768 turn
484 2711 620 2784 temporis
635 2711 758 2785 spatium
775 2712 886 2788 datum,
911 2711 989 2787 quod
1010 2713 1103 2787 ipsum
1118 2718 1215 2773 lamen
1229 2717 1331 2788 postes
1345 2728 1405 2773 non
1420 2713 1485 2774 reri
1498 2709 1570 2773 dissi·

409 2815 476 2875 mile
491 2811 580 2875 fuisse
595 2821 770 2889 compertum
785 2822 838 2877 est.

498 2918 718 2980 atrebatensem
737 2921 855 2981 allocuti
877 2938 990 2998 sumus,
1011 2926 1062 2997 qui
1081 2938 1136 2999 pro
1157 2937 1237 2983 more
1259 2937 1311 2983 suo
1326 2924 1488 2998 respondit,
1510 2918 1571 2981 nihil

410 3023 506 3085 adbuc
519 3022 627 3085 (leuari
640 3041 730 3100 super
744 3031 842 3087 ausu-o
857 3030 974 3103 negotio
988 3026 1111 3088 relatum
1126 3042 1204 3101 esse,
1228 3042 1282 3087 nee
1294 3028 1375 3087 illum
1389 3028 1498 3101 latere,
1513 3039 1570 3083 ouu-

410 3144 471 3189 sum
485 3128 612 3204 Philippi
632 3130 744 3191 comitis
757 3147 777 3189 a
790 3131 906 3191 Nessus
927 3138 957 3193 et
978 3138 1106 3194 nostram
1127 3132 1189 3193 iere
1204 3132 1325 3193 eundern
1340 3146 1415 3191 esse.
1455 3132 1572 3206 Rogatus

409 3233 497 3307 igitur
504 3232 652 3313 (quonium
662 3237 702 3297 sd
715 3236 896 3311 imperatoris
909 3238 1048 3312 palatium
1063 3254 1231 3298 accessurus
1243 3240 1304 3313 jem
1319 3237 1401 3298 uobis
1413 3230 1571 3307 rideretur),

410 3340 503 3401 nostri
521 3341 694 3401 mentionem
714 3340 821 3402 habere
840 3344 937 3404 vellet.
975 3341 1150 3419 Respondit:
1173 3342 1307 3403 Proiecto
1327 3348 1372 3402 tot
1387 3348 1458 3401 sunt
1470 3340 1572 3417 publius

409 3446 535 3521 negotia,
551 3450 583 3506 ut
596 3446 734 3507 bscmnus
748 3449 785 3509 de
799 3449 919 3523 privatis
935 3449 983 3523 ugi
997 3448 1068 3507 nihil
1083 3450 1218 3523 potuerit,
1233 3452 1264 3509 et
1277 3448 1356 3509 intra
1371 3448 1447 3508 duos
1462 3446 1521 3507 dies
1541 3440 1572 3503 ud

410 3552 613 3627 imperatorem
627 3568 759 3612 secessus
773 3554 843 3613 mibi
857 3569 916 3613 non
931 3553 1113 3614 concedetur.
1152 3554 1210 3613 Sed
1225 3560 1322 3615 tumen
1336 3550 1457 3627 facim,
1481 3550 1571 3611 moiun

410 3656 570 3732 imperator
585 3658 621 3718 de
635 3658 680 3718 his
693 3656 874 3719 informetur.
898 3656 1019 3719 Carolus
1034 3658 1123 3733 igitur
1137 3665 1167 3719 et
1177 3656 1310 3719 Eubulus
1325 3660 1454 3734 priorem
1468 3654 1571 3733 petitio·

410 3773 476 3821 nem
489 3767 639 3839 repetunt,
662 3780 726 3823 oum
740 3763 964 3840 significatione,
990 3763 1069 3837 quod
1091 3764 1215 3824 maximo
1230 3765 1356 3839 regionis
1372 3770 1402 3825 et
1416 3778 1514 3823 rerum
1527 3772 1570 3817 11⁰·

409 3871 535 3925 suarum
549 3866 699 3942 dispendio
713 3870 778 3929 istic
791 3876 904 3945 tempus
913 3876 1082 3929 tereremus.
1107 3844 1298 3943 Quamobrem
1311 3868 1340 3929 d.
1357 3884 1419 3929 suae
1434 3864 1572 3928 consilium

410 3986 593 4046 rogaremus,
633 3990 701 4033 num
722 3974 778 4047 ipsi
801 3976 962 4035 consultum
987 3974 1136 4035 rideretur
1160 3992 1179 4035 a
1198 3976 1331 4035 cesares
1345 3974 1497 4048 melereto
1517 3980 1571 4027 cum

410 4075 505 4148 gratis
528 4074 720 4137 dimissionem
743 4080 883 4139 mensium
908 4080 1018 4155 abquot
1039 4082 1153 4154 petere,
1184 4080 1330 4140 reversuri
1349 4085 1383 4139 ut
1405 4080 1526 4155 primun
1546 4068 1571 4129 id

408 4181 482 4254 jussi
496 4178 647 4256 fuerimus,
663 4189 695 4243 at
708 4183 909 4246 Atrebatensis
923 4185 978 4245 sit:
1004 4183 1088 4244 Oerte
1104 4183 1201 4244 (laesar
1214 4185 1270 4244 hoc
1284 4170 1342 4245 non
1356 4185 1492 4258 patietur.

499 4287 619 4348 Fratres
628 4291 720 4349 nostri
729 4291 843 4350 interim
851 4291 1079 4351 Maximilianum
1091 4287 1193 4350 ducem
1202 4290 1312 4365 adiere,
1323 4290 1372 4365 qui
1382 4305 1438 4365 pro
1452 4282 1569 4348 humaui·

410 4396 472 4451 tute
486 4409 540 4453 sua
562 4409 612 4454 eos
631 4393 751 4454 audiens
772 4395 930 4456 clementer
945 4394 1041 4456 omnia
1055 4396 1204 4470 promisit,
1230 4393 1306 4455 forte
1322 4396 1380 4455 Titi
1399 4387 1570 4467 imperatoris

411 4496 532 4573 dictura,
543 4522 549 4531 ,
560 4502 701 4562 neminen
724 4505 859 4575 oportere
879 4518 898 4561 u
919 4498 994 4561 facie
1012 4500 1151 4577 principis
1171 4501 1284 4561 tristem
1306 4502 1395 4576 abire
1417 4502 1510 4561 mente
1530 4507 1569 4553 re·

411 4602 518 4661 colens.

501 4707 631 4768 Eubulus
645 4709 723 4769 aedes
737 4710 850 4771 Nicolai
864 4711 960 4771 Maior
974 4712 1059 4787 petit,
1084 4710 1145 4784 ejus
1165 4710 1313 4771 consilium
1328 4710 1484 4771 auditurus.
1519 4701 1567 4763 Vt

413 4809 513 4871 luisset
527 4814 643 4885 quidem
656 4814 704 4873 bio
717 4818 813 4876 omnia
830 4818 912 4878 nobis
934 4832 970 4876 ex
984 4818 1058 4877 votis
1079 4816 1197 4908 cedere;
1221 4817 1274 4879 sed
1288 4819 1338 4894 qui
1351 4816 1450 4891 lupum
1463 4806 1568 4873 amour
