3700 5692
952 718 1017 797 ‘1⁷2

398 911 722 979 Doctorbiedebocblus
736 908 864 973 medicus
879 916 909 972 et
922 909 1032 972 Paulus
1045 914 1146 972 tonsor
1159 914 1190 971 et
1203 909 1403 984 puervuobilie
1420 924 1504 987 quem
1518 909 1574 972 den

396 1023 516 1084 Bremen-
530 1021 747 1097 cognominant,
772 1024 803 1079 et
817 1018 1035 1080 Sebesbenus'e
1050 1016 1277 1079 witzenbamen
1296 1014 1389 1077 cubuc
1408 1032 1474 1077 eum
1493 1018 1571 1091 prin-

400 1129 462 1202 cipe
476 1132 634 1188 morantur.
1509 1128 1512 1135 '

485 1232 608 1293 Domine
623 1230 702 1307 deus,
717 1230 758 1291 illi
773 1230 923 1291 commissa
938 1244 991 1289 sue
1005 1229 1119 1289 remitte
1134 1235 1164 1290 et
1179 1230 1271 1291 libera
1286 1244 1351 1291 eum
1363 1234 1484 1305 propter
1499 1238 1573 1301 enm,

397 1340 447 1414 qni
468 1355 522 1399 nos
543 1338 682 1414 sanguine
704 1352 757 1397 suo
779 1335 910 1410 precioso
933 1334 1067 1395 liberavit
1088 1332 1124 1395 de
1146 1332 1278 1411 diabole,
1307 1334 1414 1395 mundo
1437 1339 1469 1395 et
1490 1350 1575 1395 carue

395 1450 509 1519 nostre,
532 1459 671 1504 conserve
685 1448 715 1503 et
729 1445 847 1516 protege
861 1440 956 1515 ipsum
971 1439 1074 1521 spiritu
1089 1445 1140 1501 tuo
1155 1446 1268 1516 semoto,
1292 1456 1329 1500 ne
1350 1440 1439 1500 tantis
1455 1439 1575 1500 tribula·

397 1552 522 1612 tionibus
537 1551 632 1612 animo
647 1550 773 1623 labatur,
790 1546 842 1606 sed
855 1543 914 1604 fide
930 1549 1042 1605 erectus
1058 1545 1094 1607 de
1109 1548 1232 1607 nominis
1246 1547 1290 1607 tui
1303 1544 1503 1620 magnitudine
1518 1548 1576 1622 glo

398 1657 469 1717 riari
487 1672 551 1715 cnm
570 1656 672 1716 lactea
694 1657 724 1714 in
746 1656 907 1728 longevum
927 1651 1026 1725 possit.
1057 1651 1204 1713 Memento
1223 1658 1254 1711 et
1273 1650 1416 1712 Frideriei
1435 1652 1515 1711 servi
1534 1652 1576 1710 tui

397 1777 432 1822 ae
454 1761 561 1821 Eubuli
578 1762 663 1834 juxta
684 1766 763 1819 tuam
784 1759 956 1835 ipsissimam
977 1757 1147 1831 honestem,
1171 1759 1214 1817 tui
1237 1758 1316 1817 enim¹
1334 1772 1433 1817 sumus
1456 1764 1488 1819 et
1510 1774 1576 1819 oses

396 1882 512 1943 pascuae
525 1872 594 1941 tuae,
609 1866 670 1925 sive
685 1866 822 1941 vivamus,
838 1865 898 1924 sive
912 1864 1078 1924 moriarnur.
1111 1862 1136 1922 0
1152 1878 1267 1924 censam
1282 1860 1405 1923 delendo
1420 1867 1514 1939 tuam
1528 1868 1578 1923 tue

396 1972 491 2047 gloria
504 1972 613 2045 vineat,
630 1987 689 2031 non
703 1987 778 2031 unus
791 1972 881 2031 instat
894 1968 1024 2043 Pharao,
1041 1967 1192 2029 facultates
1208 1968 1351 2043 sumunt,
1366 1967 1480 2029 ferrum
1495 1971 1576 2030 mini·

371 2077 375 2087 '
396 2082 497 2139 tantur
511 2083 542 2137 et
555 2076 657 2137 undas.
1209 2132 1213 2148 ,

486 2185 514 2243 A
528 2200 611 2245 eoena
625 2182 775 2258 Pbilippus
794 2179 886 2243 irater
902 2188 932 2243 et
946 2199 1000 2257 ego
1019 2181 1056 2243 ed
1069 2180 1169 2243 bortos
1189 2182 1248 2241 Viti
1268 2181 1387 2243 Wittieb
1410 2179 1577 2242 deernbule·

396 2290 505 2365 bamus,
521 2306 579 2364 que
593 2305 698 2365 pompe
713 2289 751 2349 ab
765 2288 902 2349 Hemone
917 2286 1057 2349 Guultero
1075 2287 1112 2349 eb
1122 2286 1243 2349 Himern
1258 2289 1356 2362 equite
1370 2292 1476 2347 eureto
1493 2287 1579 2348 duces

397 2396 529 2458 Bararioe
544 2400 574 2455 et
588 2393 773 2469 Wirtenberg
788 2408 843 2453 nec
857 2409 917 2455 non
932 2410 950 2454 a
964 2392 1169 2468 Braunscbwip
1191 2400 1220 2456 et
1241 2395 1337 2455 nesam
1357 2398 1430 2468 quot
1449 2394 1577 2468 comites,

396 2502 529 2577 barones,
540 2516 801 2577 proceresnecnon
812 2505 842 2561 et
851 2500 979 2561 eboracas
988 2500 1129 2575 nymphas
1138 2503 1168 2560 in
1176 2500 1277 2561 iisdem
1285 2500 1378 2560 bortis
1386 2499 1523 2559 convivio
1531 2514 1577 2560 ex-

395 2611 571 2684 ciperentur,
587 2609 686 2667 visuri.
710 2607 833 2667 Reversi
848 2606 916 2667 inde
932 2609 1000 2680 post
1014 2606 1082 2665 solis
1098 2622 1229 2667 eoeneum
1245 2606 1336 2666 amnis
1345 2604 1470 2665 decursu
1480 2604 1577 2665 ocules

375 2712 615 2789 rolrigebumus.
643 2711 817 2787 Supervenit
835 2714 925 2786 igitur
939 2716 969 2771 et
986 2717 1124 2787 cognatus
1142 2718 1240 2773 noster
1254 2726 1347 2772 eomes
1367 2709 1545 2771 wilhelmus
1561 2726 1578 2770 s

397 2819 590 2894 Witgenstein
601 2818 710 2894 junior,
727 2819 871 2892 inquiens,
887 2818 943 2878 sibi
957 2819 1096 2878 nuncium
1111 2834 1129 2877 e
1145 2818 1247 2878 comite
1259 2816 1413 2879 Wiibelme
1428 2831 1448 2877 a
1462 2815 1579 2877 Neseau

398 2925 436 2986 ud
450 2940 500 2986 eos
514 2924 638 2998 babere,
662 2925 797 2983 nimirum
811 2929 846 2983 ut
861 2925 916 2985 boc
931 2924 1046 2984 nomine
1060 2924 1150 2999 ipsius
1170 2923 1252 2995 nobie
1273 2924 1395 2998 diceret,
1418 2922 1577 2999 archiepis·

397 3046 500 3105 eopnm
515 3028 715 3090 Coloniensem
730 3029 829 3090 sedulo
843 3030 960 3105 quidem
975 3030 1049 3089 sieut
1063 3036 1092 3090 et
1112 3031 1234 3105 ipsemet
1253 3030 1285 3090 in
1305 3029 1390 3091 domo
1409 3026 1579 3090 Grandere

397 3137 435 3197 le
449 3135 592 3211 vidissem,
608 3136 761 3209 institisse,
782 3152 881 3196 verum
896 3136 1117 3197 Atrebatensem
1132 3137 1232 3197 eadem
1246 3133 1308 3197 lere
1323 3134 1500 3211 Coloniensi,
1516 3150 1579 3210 que

397 3241 467 3301 mibi
488 3246 574 3301 antee
595 3240 798 3316 responderat,
823 3242 940 3303 dixisse.
975 3242 1057 3301 Haeo
1079 3243 1181 3317 igitur,
1206 3259 1269 3303 eum
1290 3240 1369 3301 nullu
1388 3240 1494 3301 melior
1515 3238 1579 3317 spes

397 3347 554 3422 arrideret,
578 3348 710 3409 comitem
732 3365 751 3409 e
770 3346 887 3407 Nessea
905 3364 959 3423 per
978 3348 1055 3408 bunc
1073 3364 1119 3423 me
1138 3351 1245 3409 rescire
1264 3347 1399 3408 uoluisse.
1438 3347 1579 3423 Utrisque

397 3452 487 3537 igitur
493 3453 602 3527 gratiae
611 3468 708 3528 egene,
725 3454 858 3527 quoniam
871 3453 1057 3515 noctescebst
1070 3456 1159 3516 semel
1172 3460 1259 3531 etque
1272 3455 1377 3515 iterum
1390 3452 1486 3514 libeto
1501 3454 1579 3529 prins

398 3558 466 3618 vino
482 3557 665 3618 wilhelmum
678 3574 743 3618 eum
758 3558 855 3620 lausto
868 3562 1075 3636 imprecatione
1090 3562 1153 3635 ejus
1168 3562 1260 3621 noctis
1275 3559 1447 3635 dimisimus,
1470 3560 1578 3621 dormi·

398 3665 469 3723 bum
490 3668 591 3724 euntes
610 3679 644 3722 ac
664 3664 781 3725 domino
803 3680 902 3724 eurem
924 3669 1016 3727 nostri
1039 3672 1261 3740 nostrorumque
1280 3665 1504 3726 committentes.
1543 3665 1580 3725 Et

398 3771 445 3831 bic
465 3774 510 3831 est
529 3776 647 3831 eventus
667 3787 750 3831 vanae
770 3774 992 3846 exspectationis
1011 3778 1041 3833 et
1062 3773 1162 3833 aubce
1181 3760 1395 3849 pollicitationis
1416 3769 1578 3847 splendide

398 3877 469 3936 mibi
483 3892 536 3936 nec
550 3876 587 3936 ab
602 3876 669 3935 beri
680 3892 733 3936 nec
747 3878 785 3938 ab
798 3877 884 3939 bodie
899 3880 1023 3954 primum
1037 3880 1122 3939 notis.
1141 3874 1150 3913 ¹
1177 3878 1233 3954 Qui
1248 3878 1325 3937 solus
1336 3881 1490 3937 conterere
1505 3875 1579 3937 nosti

398 3981 547 4043 braebium
562 3981 680 4056 excelsi,
703 3988 766 4044 esto
779 3985 849 4045 mibi
864 3984 1013 4061 presidio,
1035 3986 1088 4046 tibi
1108 3984 1183 4045 enim
1205 3981 1318 4043 domino
1338 3982 1393 4043 deo
1405 3983 1496 4057 ,petri
1515 3996 1578 4041 eum

398 4089 470 4148 lesu
484 4084 544 4147 filio
558 4093 609 4147 tuo
622 4087 774 4151 benedicto
789 4091 905 4154 domino
920 4096 1020 4151 uosbo
1036 4098 1065 4152 et
1079 4102 1162 4150 soem
1176 4092 1329 4163 pneumate
1343 4088 1436 4148 omnis
1456 4087 1579 4149 debetur

399 4194 500 4268 bonos,
517 4196 645 4268 potestas
660 4199 690 4255 et
704 4195 864 4272 imperinm.
1419 4214 1422 4221 ·

326 4374 336 4387 κ
488 4297 624 4374 Cogimur
638 4300 727 4375 ipitur
741 4303 912 4364 sententiam
928 4301 1018 4378 terre,
1043 4317 1108 4376 quse
1130 4300 1294 4375 qualis-sit,
1318 4297 1380 4375 ille,
1404 4299 1456 4373 qui
1476 4302 1579 4360 cuncte

399 4407 552 4481 diiudicet,
572 4407 695 4484 judicet,
719 4410 824 4470 nostris
845 4408 962 4485 quidem
981 4407 1137 4469 commissis
1158 4406 1249 4483 probe
1269 4406 1488 4481 commeruimus
1506 4407 1577 4477 bec,

349 4494 353 4499 ’
401 4512 533 4572 dominus
556 4517 654 4574 summ
676 4514 731 4574 sibi
757 4515 938 4590 beneplacito
961 4520 1090 4590 tempore
1113 4529 1165 4573 nec
1186 4512 1338 4575 veritatem
1360 4528 1414 4573 neo
1439 4511 1578 4573 bonorem

400 4632 483 4677 suum
504 4618 593 4678 minui
613 4621 702 4694 sinet,
730 4637 784 4695 per
802 4622 986 4695 semetipsum
1007 4621 1081 4679 enim
1098 4620 1220 4695 iuravit:
1243 4616 1317 4677 Mihi
1340 4614 1474 4677 flectetur
1487 4630 1578 4677 omne

981 4758 997 4793 t

482 4845 494 4889 i
514 4842 613 4892 notus?
