<?xml version="1.0" encoding="UTF-8"?>
<!DOCTYPE html PUBLIC "-//W3C//DTD XHTML 1.0 Transitional//EN"
    "http://www.w3.org/TR/xhtml1/DTD/xhtml1-transitional.dtd">
<html xmlns="http://www.w3.org/1999/xhtml" xml:lang="en" lang="en">
 <head>
  <title>
</title>
<meta http-equiv="Content-Type" content="text/html;charset=utf-8" />
  <meta name='ocr-system' content='tesseract 3.04.00' />
  <meta name='ocr-capabilities' content='ocr_page ocr_carea ocr_par ocr_line ocrx_word'/>
</head>
<body>
  <div class='ocr_page' id='page_1' title='image "./scherzgedichte01laurgoog/scherzgedichte01laurgoog_0505.png"; bbox 0 0 3700 5692; ppageno 0'>
   <div class='ocr_carea' id='block_1_1' title="bbox 940 788 1005 856">
    <p class='ocr_par' dir='ltr' id='par_1_1' title="bbox 940 788 1005 856">
     <span class='ocr_line' id='line_1_1' title="bbox 940 788 1005 856; baseline -0.015 0"><span class='ocrx_word' id='word_1_1' title='bbox 940 788 1005 856; x_wconf 77' lang='lat' dir='ltr'><strong>iot</strong></span> 
     </span>
    </p>
   </div>
   <div class='ocr_carea' id='block_1_2' title="bbox 388 936 1560 1050">
    <p class='ocr_par' dir='ltr' id='par_1_2' title="bbox 388 936 1560 1050">
     <span class='ocr_line' id='line_1_2' title="bbox 388 936 1560 1050; baseline 0.004 -18"><span class='ocrx_word' id='word_1_2' title='bbox 388 970 608 1047; x_wconf 79' lang='lat' dir='ltr'><strong>archiepiscopi,</strong></span> <span class='ocrx_word' id='word_1_3' title='bbox 631 970 788 1031; x_wconf 81' lang='lat' dir='ltr'><strong>Hernicum</strong></span> <span class='ocrx_word' id='word_1_4' title='bbox 809 958 939 1031; x_wconf 79' lang='lat' dir='ltr'><strong>comitem</strong></span> <span class='ocrx_word' id='word_1_5' title='bbox 960 936 1162 1047; x_wconf 79' lang='lat' dir='ltr'><strong>aLenningen</strong></span> <span class='ocrx_word' id='word_1_6' title='bbox 1177 975 1206 1031; x_wconf 92' lang='lat' dir='ltr'><strong>et</strong></span> <span class='ocrx_word' id='word_1_7' title='bbox 1220 946 1405 1035; x_wconf 74' lang='lat' dir='ltr'>wilhelmum</span> <span class='ocrx_word' id='word_1_8' title='bbox 1414 945 1560 1050; x_wconf 79' lang='lat' dir='ltr'><strong>iuniorem</strong></span> 
     </span>
    </p>
   </div>
   <div class='ocr_carea' id='block_1_3' title="bbox 272 1064 1367 1155">
    <p class='ocr_par' dir='ltr' id='par_1_3' title="bbox 272 1064 1367 1155">
     <span class='ocr_line' id='line_1_3' title="bbox 272 1064 1367 1155; baseline 0.003 -17"><span class='ocrx_word' id='word_1_9' title='bbox 272 1145 274 1148; x_wconf 56' lang='grc'><strong>,</strong></span> <span class='ocrx_word' id='word_1_10' title='bbox 385 1093 403 1138; x_wconf 84' lang='lat' dir='ltr'><strong>a</strong></span> <span class='ocrx_word' id='word_1_11' title='bbox 420 1076 612 1153; x_wconf 72' lang='lat' dir='ltr'><strong>Witgenstein</strong></span> <span class='ocrx_word' id='word_1_12' title='bbox 625 1081 660 1136; x_wconf 88' lang='lat' dir='ltr'><strong>ut</strong></span> <span class='ocrx_word' id='word_1_13' title='bbox 673 1064 763 1137; x_wconf 80' lang='lat' dir='ltr'><strong>coense</strong></span> <span class='ocrx_word' id='word_1_14' title='bbox 777 1081 886 1138; x_wconf 74' lang='lat' dir='ltr'><strong>noemae</strong></span> <span class='ocrx_word' id='word_1_15' title='bbox 899 1078 1041 1141; x_wconf 88' lang='lat' dir='ltr'><strong>interesse</strong></span> <span class='ocrx_word' id='word_1_16' title='bbox 1055 1078 1243 1152; x_wconf 76' lang='lat' dir='ltr'>dignarentur</span> <span class='ocrx_word' id='word_1_17' title='bbox 1253 1082 1367 1155; x_wconf 78' lang='lat' dir='ltr'><strong>rogavi</strong></span> 
     </span>
    </p>
   </div>
   <div class='ocr_carea' id='block_1_4' title="bbox 379 1166 1579 3390">
    <p class='ocr_par' dir='ltr' id='par_1_4' title="bbox 382 1166 1559 1473">
     <span class='ocr_line' id='line_1_4' title="bbox 474 1166 1559 1273; baseline 0.005 -29"><span class='ocrx_word' id='word_1_18' title='bbox 474 1183 624 1245; x_wconf 85' lang='lat' dir='ltr'><strong>liborium</strong></span> <span class='ocrx_word' id='word_1_19' title='bbox 637 1182 744 1246; x_wconf 89' lang='lat' dir='ltr'><strong>fritillo·</strong></span> <span class='ocrx_word' id='word_1_20' title='bbox 752 1166 899 1247; x_wconf 86' lang='lat' dir='ltr'><strong>ludentem</strong></span> <span class='ocrx_word' id='word_1_21' title='bbox 913 1186 1099 1259; x_wconf 79' lang='lat' dir='ltr'><strong>interrogavi,</strong></span> <span class='ocrx_word' id='word_1_22' title='bbox 1116 1184 1184 1245; x_wconf 90' lang='lat' dir='ltr'><strong>dum</strong></span> <span class='ocrx_word' id='word_1_23' title='bbox 1199 1190 1360 1262; x_wconf 79' lang='lat' dir='ltr'><strong>opportune</strong></span> <span class='ocrx_word' id='word_1_24' title='bbox 1374 1188 1406 1247; x_wconf 91' lang='lat' dir='ltr'><strong>in</strong></span> <span class='ocrx_word' id='word_1_25' title='bbox 1421 1188 1488 1249; x_wconf 84' lang='lat' dir='ltr'><strong>alea</strong></span> <span class='ocrx_word' id='word_1_26' title='bbox 1502 1193 1559 1273; x_wconf 77' lang='lat' dir='ltr'><strong>tres</strong></span> 
     </span>
     <span class='ocr_line' id='line_1_5' title="bbox 383 1291 1559 1367; baseline 0.003 -16"><span class='ocrx_word' id='word_1_27' title='bbox 383 1296 467 1352; x_wconf 68' lang='lat' dir='ltr'><strong>noos</strong></span> <span class='ocrx_word' id='word_1_28' title='bbox 481 1296 561 1353; x_wconf 87' lang='lat' dir='ltr'><strong>sture</strong></span> <span class='ocrx_word' id='word_1_29' title='bbox 575 1292 700 1367; x_wconf 88' lang='lat' dir='ltr'><strong>diceret,</strong></span> <span class='ocrx_word' id='word_1_30' title='bbox 726 1308 794 1353; x_wconf 91' lang='lat' dir='ltr'><strong>num</strong></span> <span class='ocrx_word' id='word_1_31' title='bbox 807 1291 853 1351; x_wconf 90' lang='lat' dir='ltr'><strong>his</strong></span> <span class='ocrx_word' id='word_1_32' title='bbox 867 1297 1017 1353; x_wconf 89' lang='lat' dir='ltr'><strong>contentus</strong></span> <span class='ocrx_word' id='word_1_33' title='bbox 1033 1296 1118 1365; x_wconf 88' lang='lat' dir='ltr'><strong>esset,</strong></span> <span class='ocrx_word' id='word_1_34' title='bbox 1140 1306 1208 1351; x_wconf 84' lang='lat' dir='ltr'><strong>num</strong></span> <span class='ocrx_word' id='word_1_35' title='bbox 1221 1292 1286 1359; x_wconf 82' lang='lat' dir='ltr'><strong>heri</strong></span> <span class='ocrx_word' id='word_1_36' title='bbox 1298 1293 1441 1367; x_wconf 79' lang='lat' dir='ltr'><strong>gloriatus</strong></span> <span class='ocrx_word' id='word_1_37' title='bbox 1456 1292 1511 1355; x_wconf 85' lang='lat' dir='ltr'><strong>init</strong></span> <span class='ocrx_word' id='word_1_38' title='bbox 1524 1294 1559 1355; x_wconf 92' lang='lat' dir='ltr'><strong>de</strong></span> 
     </span>
     <span class='ocr_line' id='line_1_6' title="bbox 382 1397 1557 1473; baseline 0.003 -16"><span class='ocrx_word' id='word_1_39' title='bbox 382 1397 476 1460; x_wconf 88' lang='lat' dir='ltr'><strong>trihus</strong></span> <span class='ocrx_word' id='word_1_40' title='bbox 485 1400 576 1473; x_wconf 80' lang='lat' dir='ltr'><strong>equh.</strong></span> <span class='ocrx_word' id='word_1_41' title='bbox 591 1397 703 1459; x_wconf 87' lang='lat' dir='ltr'><strong>Eadem</strong></span> <span class='ocrx_word' id='word_1_42' title='bbox 712 1397 818 1472; x_wconf 80' lang='lat' dir='ltr'>hospes</span> <span class='ocrx_word' id='word_1_43' title='bbox 829 1402 959 1459; x_wconf 84' lang='lat' dir='ltr'><strong>nestero</strong></span> <span class='ocrx_word' id='word_1_44' title='bbox 972 1397 1557 1473; x_wconf 74' lang='lat' dir='ltr'><strong>nundinisNorl&#39;mssensihuereversusest.</strong></span> 
     </span>
    </p>

    <p class='ocr_par' dir='ltr' id='par_1_5' title="bbox 385 1503 1560 1693">
     <span class='ocr_line' id='line_1_7' title="bbox 473 1503 1560 1595; baseline 0.003 -31"><span class='ocrx_word' id='word_1_45' title='bbox 473 1503 575 1565; x_wconf 82' lang='lat' dir='ltr'><strong>Comes</strong></span> <span class='ocrx_word' id='word_1_46' title='bbox 589 1522 609 1564; x_wconf 89' lang='lat' dir='ltr'><strong>a</strong></span> <span class='ocrx_word' id='word_1_47' title='bbox 622 1504 738 1564; x_wconf 79' lang='lat' dir='ltr'><strong>Nessea</strong></span> <span class='ocrx_word' id='word_1_48' title='bbox 759 1506 801 1565; x_wconf 90' lang='lat' dir='ltr'><strong>ait</strong></span> <span class='ocrx_word' id='word_1_49' title='bbox 816 1504 1068 1580; x_wconf 81' lang='lat' dir='ltr'><strong>archiepiscopum</strong></span> <span class='ocrx_word' id='word_1_50' title='bbox 1082 1504 1160 1567; x_wconf 82' lang='lat' dir='ltr'><strong>bonu</strong></span> <span class='ocrx_word' id='word_1_51' title='bbox 1182 1504 1276 1573; x_wconf 79' lang='lat' dir='ltr'><strong>adhuc</strong></span> <span class='ocrx_word' id='word_1_52' title='bbox 1289 1504 1437 1595; x_wconf 81' lang='lat' dir='ltr'><strong>polliceri,</strong></span> <span class='ocrx_word' id='word_1_53' title='bbox 1463 1522 1560 1569; x_wconf 85' lang='lat' dir='ltr'><strong>verum</strong></span> 
     </span>
     <span class='ocr_line' id='line_1_8' title="bbox 385 1611 1135 1693; baseline -0.003 -21"><span class='ocrx_word' id='word_1_54' title='bbox 385 1611 564 1672; x_wconf 86' lang='lat' dir='ltr'><strong>sollicitando</strong></span> <span class='ocrx_word' id='word_1_55' title='bbox 578 1611 758 1673; x_wconf 89' lang='lat' dir='ltr'><strong>obruendum</strong></span> <span class='ocrx_word' id='word_1_56' title='bbox 771 1628 830 1671; x_wconf 88' lang='lat' dir='ltr'><strong>non</strong></span> <span class='ocrx_word' id='word_1_57' title='bbox 845 1628 918 1673; x_wconf 89' lang='lat' dir='ltr'><strong>esse.</strong></span> <span class='ocrx_word' id='word_1_58' title='bbox 1131 1683 1135 1693; x_wconf 34' lang='grc' dir='ltr'>Ι</span> 
     </span>
    </p>

    <p class='ocr_par' dir='ltr' id='par_1_6' title="bbox 379 1714 1558 2006">
     <span class='ocr_line' id='line_1_9' title="bbox 471 1714 1557 1796; baseline 0 -19"><span class='ocrx_word' id='word_1_59' title='bbox 471 1717 580 1778; x_wconf 83' lang='lat' dir='ltr'><strong>Eadem</strong></span> <span class='ocrx_word' id='word_1_60' title='bbox 585 1719 712 1793; x_wconf 85' lang='lat' dir='ltr'><strong>quinque</strong></span> <span class='ocrx_word' id='word_1_61' title='bbox 719 1715 842 1793; x_wconf 72' lang='lat' dir='ltr'><strong>insignia</strong></span> <span class='ocrx_word' id='word_1_62' title='bbox 850 1718 978 1791; x_wconf 87' lang='lat' dir='ltr'><strong>peditum</strong></span> <span class='ocrx_word' id='word_1_63' title='bbox 985 1718 1030 1796; x_wconf 91' lang='lat' dir='ltr'><strong>(ut</strong></span> <span class='ocrx_word' id='word_1_64' title='bbox 1036 1733 1116 1778; x_wconf 89' lang='lat' dir='ltr'><strong>more</strong></span> <span class='ocrx_word' id='word_1_65' title='bbox 1123 1716 1285 1793; x_wconf 82' lang='lat' dir='ltr'><strong>germanico</strong></span> <span class='ocrx_word' id='word_1_66' title='bbox 1294 1714 1423 1793; x_wconf 84' lang='lat' dir='ltr'><strong>loquer),</strong></span> <span class='ocrx_word' id='word_1_67' title='bbox 1432 1734 1499 1793; x_wconf 79' lang='lat' dir='ltr'><strong>que</strong></span> <span class='ocrx_word' id='word_1_68' title='bbox 1504 1734 1557 1777; x_wconf 83' lang='lat' dir='ltr'><strong>cae·</strong></span> 
     </span>
     <span class='ocr_line' id='line_1_10' title="bbox 383 1824 1558 1901; baseline -0.001 -17"><span class='ocrx_word' id='word_1_69' title='bbox 383 1826 443 1884; x_wconf 84' lang='lat' dir='ltr'><strong>sari</strong></span> <span class='ocrx_word' id='word_1_70' title='bbox 452 1824 653 1899; x_wconf 85' lang='lat' dir='ltr'><strong>jamperducs</strong></span> <span class='ocrx_word' id='word_1_71' title='bbox 664 1826 794 1900; x_wconf 74' lang='lat' dir='ltr'><strong>integros</strong></span> <span class='ocrx_word' id='word_1_72' title='bbox 803 1840 893 1884; x_wconf 80' lang='lat' dir='ltr'><strong>annos</strong></span> <span class='ocrx_word' id='word_1_73' title='bbox 902 1824 1047 1900; x_wconf 87' lang='lat' dir='ltr'><strong>stipendio</strong></span> <span class='ocrx_word' id='word_1_74' title='bbox 1059 1828 1233 1898; x_wconf 70' lang='lat' dir='ltr'><strong>meruerant,</strong></span> <span class='ocrx_word' id='word_1_75' title='bbox 1241 1838 1341 1882; x_wconf 87' lang='lat' dir='ltr'><strong>rursus</strong></span> <span class='ocrx_word' id='word_1_76' title='bbox 1350 1824 1558 1901; x_wconf 83' lang='lat' dir='ltr'><strong>inmensessex</strong></span> 
     </span>
     <span class='ocr_line' id='line_1_11' title="bbox 379 1928 1556 2006; baseline -0.003 -14"><span class='ocrx_word' id='word_1_77' title='bbox 379 1932 524 2005; x_wconf 85' lang='lat' dir='ltr'><strong>jurarant.</strong></span> <span class='ocrx_word' id='word_1_78' title='bbox 540 1931 698 2006; x_wconf 84' lang='lat' dir='ltr'><strong>Aprandio</strong></span> <span class='ocrx_word' id='word_1_79' title='bbox 708 1929 900 1994; x_wconf 84' lang='lat' dir='ltr'><strong>Etzdorifium</strong></span> <span class='ocrx_word' id='word_1_80' title='bbox 908 1933 940 1991; x_wconf 92' lang='lat' dir='ltr'><strong>in</strong></span> <span class='ocrx_word' id='word_1_81' title='bbox 953 1931 1053 1991; x_wconf 88' lang='lat' dir='ltr'><strong>hortos</strong></span> <span class='ocrx_word' id='word_1_82' title='bbox 1065 1930 1272 1997; x_wconf 85' lang='lat' dir='ltr'><strong>amoenissimos</strong></span> <span class='ocrx_word' id='word_1_83' title='bbox 1280 1930 1340 1990; x_wconf 89' lang='lat' dir='ltr'><strong>Viti</strong></span> <span class='ocrx_word' id='word_1_84' title='bbox 1347 1929 1471 1991; x_wconf 87' lang='lat' dir='ltr'><strong>Wittich</strong></span> <span class='ocrx_word' id='word_1_85' title='bbox 1482 1928 1556 1991; x_wconf 86' lang='lat' dir='ltr'><strong>duri.</strong></span> 
     </span>
    </p>

    <p class='ocr_par' dir='ltr' id='par_1_7' title="bbox 381 2035 1558 2432">
     <span class='ocr_line' id='line_1_12' title="bbox 471 2035 1557 2113; baseline -0.002 -16"><span class='ocrx_word' id='word_1_86' title='bbox 471 2036 668 2113; x_wconf 82' lang='lat' dir='ltr'><strong>Landtgravia</strong></span> <span class='ocrx_word' id='word_1_87' title='bbox 689 2043 789 2099; x_wconf 72' lang='lat' dir='ltr'><strong>nomes</strong></span> <span class='ocrx_word' id='word_1_88' title='bbox 808 2044 869 2098; x_wconf 84' lang='lat' dir='ltr'><strong>tres</strong></span> <span class='ocrx_word' id='word_1_89' title='bbox 890 2035 969 2112; x_wconf 89' lang='lat' dir='ltr'><strong>apud</strong></span> <span class='ocrx_word' id='word_1_90' title='bbox 993 2036 1151 2111; x_wconf 87' lang='lat' dir='ltr'><strong>principem</strong></span> <span class='ocrx_word' id='word_1_91' title='bbox 1166 2037 1492 2109; x_wconf 83' lang='lat' dir='ltr'><strong>maritumcommorata</strong></span> <span class='ocrx_word' id='word_1_92' title='bbox 1505 2042 1557 2097; x_wconf 88' lang='lat' dir='ltr'><strong>est.</strong></span> 
     </span>
     <span class='ocr_line' id='line_1_13' title="bbox 381 2142 1558 2220; baseline -0.001 -18"><span class='ocrx_word' id='word_1_93' title='bbox 381 2143 427 2205; x_wconf 89' lang='lat' dir='ltr'><strong>De</strong></span> <span class='ocrx_word' id='word_1_94' title='bbox 449 2145 632 2220; x_wconf 72' lang='lat' dir='ltr'><strong>landtgravia</strong></span> <span class='ocrx_word' id='word_1_95' title='bbox 646 2143 824 2207; x_wconf 73' lang='lat' dir='ltr'><strong>detractores</strong></span> <span class='ocrx_word' id='word_1_96' title='bbox 845 2149 875 2203; x_wconf 90' lang='lat' dir='ltr'><strong>et</strong></span> <span class='ocrx_word' id='word_1_97' title='bbox 887 2142 1045 2219; x_wconf 59' lang='lat' dir='ltr'><strong>cupiendi</strong></span> <span class='ocrx_word' id='word_1_98' title='bbox 1065 2158 1211 2203; x_wconf 88' lang='lat' dir='ltr'><strong>rumorem</strong></span> <span class='ocrx_word' id='word_1_99' title='bbox 1225 2146 1403 2217; x_wconf 86' lang='lat' dir='ltr'><strong>sparserunt,</strong></span> <span class='ocrx_word' id='word_1_100' title='bbox 1420 2158 1487 2203; x_wconf 84' lang='lat' dir='ltr'><strong>eam</strong></span> <span class='ocrx_word' id='word_1_101' title='bbox 1500 2142 1558 2203; x_wconf 82' lang='lat' dir='ltr'><strong>Aa·</strong></span> 
     </span>
     <span class='ocr_line' id='line_1_14' title="bbox 382 2248 1556 2326; baseline 0.001 -18"><span class='ocrx_word' id='word_1_102' title='bbox 382 2255 475 2325; x_wconf 77' lang='lat' dir='ltr'><strong>gustu</strong></span> <span class='ocrx_word' id='word_1_103' title='bbox 488 2252 725 2326; x_wconf 73' lang='lat' dir='ltr'><strong>comessationes,</strong></span> <span class='ocrx_word' id='word_1_104' title='bbox 748 2251 862 2325; x_wconf 83' lang='lat' dir='ltr'><strong>repotia</strong></span> <span class='ocrx_word' id='word_1_105' title='bbox 881 2266 936 2310; x_wconf 90' lang='lat' dir='ltr'><strong>uec</strong></span> <span class='ocrx_word' id='word_1_106' title='bbox 955 2264 1014 2309; x_wconf 86' lang='lat' dir='ltr'><strong>non</strong></span> <span class='ocrx_word' id='word_1_107' title='bbox 1036 2256 1066 2309; x_wconf 91' lang='lat' dir='ltr'><strong>et</strong></span> <span class='ocrx_word' id='word_1_108' title='bbox 1085 2249 1205 2310; x_wconf 82' lang='lat' dir='ltr'><strong>choreae</strong></span> <span class='ocrx_word' id='word_1_109' title='bbox 1218 2264 1320 2323; x_wconf 81' lang='lat' dir='ltr'><strong>agere;</strong></span> <span class='ocrx_word' id='word_1_110' title='bbox 1344 2248 1397 2309; x_wconf 90' lang='lat' dir='ltr'><strong>sed</strong></span> <span class='ocrx_word' id='word_1_111' title='bbox 1417 2250 1499 2310; x_wconf 82' lang='lat' dir='ltr'><strong>novit</strong></span> <span class='ocrx_word' id='word_1_112' title='bbox 1512 2250 1556 2309; x_wconf 90' lang='lat' dir='ltr'><strong>in-</strong></span> 
     </span>
     <span class='ocr_line' id='line_1_15' title="bbox 383 2355 1436 2432; baseline 0 -17"><span class='ocrx_word' id='word_1_113' title='bbox 383 2362 498 2430; x_wconf 87' lang='lat' dir='ltr'><strong>spector</strong></span> <span class='ocrx_word' id='word_1_114' title='bbox 511 2358 642 2418; x_wconf 86' lang='lat' dir='ltr'><strong>cordium</strong></span> <span class='ocrx_word' id='word_1_115' title='bbox 657 2362 687 2416; x_wconf 91' lang='lat' dir='ltr'><strong>et</strong></span> <span class='ocrx_word' id='word_1_116' title='bbox 700 2374 761 2417; x_wconf 90' lang='lat' dir='ltr'><strong>nou</strong></span> <span class='ocrx_word' id='word_1_117' title='bbox 774 2357 870 2432; x_wconf 89' lang='lat' dir='ltr'><strong>pauci,</strong></span> <span class='ocrx_word' id='word_1_118' title='bbox 887 2372 973 2431; x_wconf 85' lang='lat' dir='ltr'><strong>quem</strong></span> <span class='ocrx_word' id='word_1_119' title='bbox 986 2356 1080 2416; x_wconf 87' lang='lat' dir='ltr'><strong>luctus</strong></span> <span class='ocrx_word' id='word_1_120' title='bbox 1096 2356 1212 2418; x_wconf 82' lang='lat' dir='ltr'><strong>delicias</strong></span> <span class='ocrx_word' id='word_1_121' title='bbox 1226 2355 1389 2429; x_wconf 89' lang='lat' dir='ltr'><strong>prohibeat.</strong></span> <span class='ocrx_word' id='word_1_122' title='bbox 1431 2429 1436 2431; x_wconf 34' lang='grc'><strong>,</strong></span> 
     </span>
    </p>

    <p class='ocr_par' dir='ltr' id='par_1_8' title="bbox 381 2460 1579 2861">
     <span class='ocr_line' id='line_1_16' title="bbox 470 2460 1556 2538; baseline -0.004 -15"><span class='ocrx_word' id='word_1_123' title='bbox 470 2463 613 2537; x_wconf 89' lang='lat' dir='ltr'><strong>Perpauci</strong></span> <span class='ocrx_word' id='word_1_124' title='bbox 627 2460 764 2524; x_wconf 78' lang='lat' dir='ltr'><strong>Germani</strong></span> <span class='ocrx_word' id='word_1_125' title='bbox 782 2464 844 2537; x_wconf 85' lang='lat' dir='ltr'><strong>jam</strong></span> <span class='ocrx_word' id='word_1_126' title='bbox 862 2462 1047 2525; x_wconf 83' lang='lat' dir='ltr'><strong>considerant</strong></span> <span class='ocrx_word' id='word_1_127' title='bbox 1066 2476 1153 2535; x_wconf 90' lang='lat' dir='ltr'><strong>quam</strong></span> <span class='ocrx_word' id='word_1_128' title='bbox 1172 2462 1295 2538; x_wconf 76' lang='lat' dir='ltr'><strong>papietae</strong></span> <span class='ocrx_word' id='word_1_129' title='bbox 1309 2461 1406 2521; x_wconf 77' lang='lat' dir='ltr'><strong>ammo</strong></span> <span class='ocrx_word' id='word_1_130' title='bbox 1422 2460 1556 2535; x_wconf 76' lang='lat' dir='ltr'><strong>gestiam,</strong></span> 
     </span>
     <span class='ocr_line' id='line_1_17' title="bbox 382 2564 1555 2644; baseline -0.002 -17"><span class='ocrx_word' id='word_1_131' title='bbox 382 2569 482 2629; x_wconf 87' lang='lat' dir='ltr'><strong>urbam</strong></span> <span class='ocrx_word' id='word_1_132' title='bbox 488 2568 658 2643; x_wconf 75' lang='lat' dir='ltr'><strong>Augustam,</strong></span> <span class='ocrx_word' id='word_1_133' title='bbox 675 2586 712 2629; x_wconf 85' lang='lat' dir='ltr'><strong>ex</strong></span> <span class='ocrx_word' id='word_1_134' title='bbox 726 2586 785 2642; x_wconf 83' lang='lat' dir='ltr'><strong>qua</strong></span> <span class='ocrx_word' id='word_1_135' title='bbox 798 2569 921 2644; x_wconf 86' lang='lat' dir='ltr'><strong>primum</strong></span> <span class='ocrx_word' id='word_1_136' title='bbox 936 2564 1076 2628; x_wconf 89' lang='lat' dir='ltr'><strong>confessio</strong></span> <span class='ocrx_word' id='word_1_137' title='bbox 1091 2572 1124 2627; x_wconf 90' lang='lat' dir='ltr'><strong>ut</strong></span> <span class='ocrx_word' id='word_1_138' title='bbox 1134 2573 1238 2628; x_wconf 79' lang='lat' dir='ltr'><strong>rocam</strong></span> <span class='ocrx_word' id='word_1_139' title='bbox 1248 2566 1478 2642; x_wconf 83' lang='lat' dir='ltr'><strong>protestantium</strong></span> <span class='ocrx_word' id='word_1_140' title='bbox 1489 2580 1555 2639; x_wconf 92' lang='lat' dir='ltr'><strong>prc-</strong></span> 
     </span>
     <span class='ocr_line' id='line_1_18' title="bbox 381 2670 1557 2749; baseline 0 -17"><span class='ocrx_word' id='word_1_141' title='bbox 381 2673 448 2748; x_wconf 84' lang='lat' dir='ltr'><strong>diit,</strong></span> <span class='ocrx_word' id='word_1_142' title='bbox 470 2674 524 2733; x_wconf 90' lang='lat' dir='ltr'><strong>suh</strong></span> <span class='ocrx_word' id='word_1_143' title='bbox 545 2674 739 2736; x_wconf 84' lang='lat' dir='ltr'><strong>dominatione</strong></span> <span class='ocrx_word' id='word_1_144' title='bbox 758 2674 962 2739; x_wconf 81' lang='lat' dir='ltr'><strong>nefandissimo</strong></span> <span class='ocrx_word' id='word_1_145' title='bbox 981 2678 1171 2749; x_wconf 78' lang='lat' dir='ltr'><strong>tyrannorum</strong></span> <span class='ocrx_word' id='word_1_146' title='bbox 1189 2672 1386 2735; x_wconf 83' lang='lat' dir='ltr'><strong>Romanorum</strong></span> <span class='ocrx_word' id='word_1_147' title='bbox 1404 2688 1484 2737; x_wconf 87' lang='lat' dir='ltr'><strong>nunc</strong></span> <span class='ocrx_word' id='word_1_148' title='bbox 1497 2670 1557 2747; x_wconf 86' lang='lat' dir='ltr'><strong>pal·</strong></span> 
     </span>
     <span class='ocr_line' id='line_1_19' title="bbox 381 2770 1579 2861; baseline 0.003 -24"><span class='ocrx_word' id='word_1_149' title='bbox 381 2780 522 2861; x_wconf 71' lang='lat' dir='ltr'><strong>pituntem</strong></span> <span class='ocrx_word' id='word_1_150' title='bbox 536 2796 632 2855; x_wconf 79' lang='lat' dir='ltr'><strong>agere.</strong></span> <span class='ocrx_word' id='word_1_151' title='bbox 1334 2848 1338 2859; x_wconf 32' lang='lat' dir='ltr'><em>s</em></span> <span class='ocrx_word' id='word_1_152' title='bbox 1576 2770 1579 2774; x_wconf 51' lang='lat'><em>&#39;</em></span> 
     </span>
    </p>

    <p class='ocr_par' dir='ltr' id='par_1_9' title="bbox 379 2884 1558 3390">
     <span class='ocr_line' id='line_1_20' title="bbox 469 2884 1556 2965; baseline -0.001 -18"><span class='ocrx_word' id='word_1_153' title='bbox 469 2886 579 2947; x_wconf 84' lang='lat' dir='ltr'><strong>Eadem</strong></span> <span class='ocrx_word' id='word_1_154' title='bbox 594 2886 750 2947; x_wconf 77' lang='lat' dir='ltr'><strong>otthonem</strong></span> <span class='ocrx_word' id='word_1_155' title='bbox 766 2893 797 2949; x_wconf 90' lang='lat' dir='ltr'><strong>et</strong></span> <span class='ocrx_word' id='word_1_156' title='bbox 810 2890 966 2949; x_wconf 83' lang='lat' dir='ltr'><strong>Emestum</strong></span> <span class='ocrx_word' id='word_1_157' title='bbox 983 2885 1089 2949; x_wconf 75' lang='lat' dir='ltr'><strong>iratum</strong></span> <span class='ocrx_word' id='word_1_158' title='bbox 1110 2904 1262 2965; x_wconf 71' lang='lat' dir='ltr'><strong>germanos</strong></span> <span class='ocrx_word' id='word_1_159' title='bbox 1276 2887 1488 2965; x_wconf 85' lang='lat' dir='ltr'><strong>archiepiscopi</strong></span> <span class='ocrx_word' id='word_1_160' title='bbox 1502 2884 1556 2946; x_wconf 80' lang='lat' dir='ltr'><strong>Oo-</strong></span> 
     </span>
     <span class='ocr_line' id='line_1_21' title="bbox 381 2989 1557 3069; baseline -0.001 -19"><span class='ocrx_word' id='word_1_161' title='bbox 381 2991 533 3068; x_wconf 88' lang='lat' dir='ltr'><strong>loniensis,</strong></span> <span class='ocrx_word' id='word_1_162' title='bbox 560 2992 746 3053; x_wconf 87' lang='lat' dir='ltr'><strong>Wllhelmum</strong></span> <span class='ocrx_word' id='word_1_163' title='bbox 767 2996 898 3056; x_wconf 88' lang='lat' dir='ltr'><strong>comitem</strong></span> <span class='ocrx_word' id='word_1_164' title='bbox 919 3012 939 3055; x_wconf 86' lang='lat' dir='ltr'><strong>c</strong></span> <span class='ocrx_word' id='word_1_165' title='bbox 958 2994 1168 3069; x_wconf 79' lang='lat' dir='ltr'><strong>Witgenstein‚</strong></span> <span class='ocrx_word' id='word_1_166' title='bbox 1193 2994 1352 3055; x_wconf 77' lang='lat' dir='ltr'><strong>huminum</strong></span> <span class='ocrx_word' id='word_1_167' title='bbox 1366 2992 1505 3066; x_wconf 77' lang='lat' dir='ltr'><strong>baronem</strong></span> <span class='ocrx_word' id='word_1_168' title='bbox 1520 2989 1557 3049; x_wconf 91' lang='lat' dir='ltr'><strong>de</strong></span> 
     </span>
     <span class='ocr_line' id='line_1_22' title="bbox 381 3097 1557 3177; baseline -0.001 -17"><span class='ocrx_word' id='word_1_169' title='bbox 381 3097 522 3175; x_wconf 90' lang='lat' dir='ltr'><strong>Bolheim‚</strong></span> <span class='ocrx_word' id='word_1_170' title='bbox 537 3100 676 3160; x_wconf 88' lang='lat' dir='ltr'><strong>heronem</strong></span> <span class='ocrx_word' id='word_1_171' title='bbox 691 3099 728 3160; x_wconf 91' lang='lat' dir='ltr'><strong>de</strong></span> <span class='ocrx_word' id='word_1_172' title='bbox 743 3099 1010 3177; x_wconf 76' lang='lat' dir='ltr'><strong>schwartzenburg,</strong></span> <span class='ocrx_word' id='word_1_173' title='bbox 1025 3100 1169 3161; x_wconf 87' lang='lat' dir='ltr'><strong>Didonem</strong></span> <span class='ocrx_word' id='word_1_174' title='bbox 1184 3102 1220 3161; x_wconf 88' lang='lat' dir='ltr'><strong>de</strong></span> <span class='ocrx_word' id='word_1_175' title='bbox 1234 3100 1452 3176; x_wconf 77' lang='lat' dir='ltr'><strong>Kuephsussn,</strong></span> <span class='ocrx_word' id='word_1_176' title='bbox 1468 3100 1557 3160; x_wconf 85' lang='lat' dir='ltr'><strong>Joen·</strong></span> 
     </span>
     <span class='ocr_line' id='line_1_23' title="bbox 380 3205 1558 3282; baseline -0.002 -17"><span class='ocrx_word' id='word_1_177' title='bbox 380 3220 446 3265; x_wconf 89' lang='lat' dir='ltr'><strong>nem</strong></span> <span class='ocrx_word' id='word_1_178' title='bbox 466 3207 597 3266; x_wconf 87' lang='lat' dir='ltr'><strong>comitem</strong></span> <span class='ocrx_word' id='word_1_179' title='bbox 619 3207 815 3281; x_wconf 73' lang='lat' dir='ltr'><strong>aRethberg,</strong></span> <span class='ocrx_word' id='word_1_180' title='bbox 840 3206 1027 3269; x_wconf 77' lang='lat' dir='ltr'><strong>chunradum</strong></span> <span class='ocrx_word' id='word_1_181' title='bbox 1051 3209 1124 3269; x_wconf 88' lang='lat' dir='ltr'><strong>chs</strong></span> <span class='ocrx_word' id='word_1_182' title='bbox 1144 3208 1181 3270; x_wconf 92' lang='lat' dir='ltr'><strong>de</strong></span> <span class='ocrx_word' id='word_1_183' title='bbox 1194 3207 1350 3282; x_wconf 85' lang='lat' dir='ltr'><strong>Devoldie,</strong></span> <span class='ocrx_word' id='word_1_184' title='bbox 1373 3205 1558 3267; x_wconf 83' lang='lat' dir='ltr'><strong>Iibcrinma</strong></span> 
     </span>
     <span class='ocr_line' id='line_1_24' title="bbox 379 3312 1556 3390; baseline 0 -19"><span class='ocrx_word' id='word_1_185' title='bbox 379 3312 610 3385; x_wconf 79' lang='lat' dir='ltr'><strong>Muluchhauseu</strong></span> <span class='ocrx_word' id='word_1_186' title='bbox 629 3318 659 3373; x_wconf 88' lang='lat' dir='ltr'><strong>et</strong></span> <span class='ocrx_word' id='word_1_187' title='bbox 673 3313 711 3373; x_wconf 88' lang='lat' dir='ltr'><strong>N.</strong></span> <span class='ocrx_word' id='word_1_188' title='bbox 726 3313 884 3389; x_wconf 78' lang='lat' dir='ltr'><strong>Massgrel,</strong></span> <span class='ocrx_word' id='word_1_189' title='bbox 904 3314 943 3373; x_wconf 87' lang='lat' dir='ltr'><strong>N.</strong></span> <span class='ocrx_word' id='word_1_190' title='bbox 959 3330 1016 3373; x_wconf 86' lang='lat' dir='ltr'><strong>von</strong></span> <span class='ocrx_word' id='word_1_191' title='bbox 1031 3312 1082 3374; x_wconf 85' lang='lat' dir='ltr'><strong>der</strong></span> <span class='ocrx_word' id='word_1_192' title='bbox 1095 3314 1200 3389; x_wconf 85' lang='lat' dir='ltr'><strong>Horet,</strong></span> <span class='ocrx_word' id='word_1_193' title='bbox 1222 3314 1394 3390; x_wconf 77' lang='lat' dir='ltr'><strong>magistrum</strong></span> <span class='ocrx_word' id='word_1_194' title='bbox 1410 3312 1556 3373; x_wconf 85' lang='lat' dir='ltr'><strong>Sebastia-</strong></span> 
     </span>
    </p>
   </div>
   <div class='ocr_carea' id='block_1_5' title="bbox 267 3417 1558 3495">
    <p class='ocr_par' dir='ltr' id='par_1_10' title="bbox 267 3417 1558 3495">
     <span class='ocr_line' id='line_1_25' title="bbox 267 3417 1558 3495; baseline 0.001 -19"><span class='ocrx_word' id='word_1_195' title='bbox 267 3424 274 3433; x_wconf 73' lang='grc'><em>“</em></span> <span class='ocrx_word' id='word_1_196' title='bbox 380 3434 448 3479; x_wconf 91' lang='lat' dir='ltr'><strong>num</strong></span> <span class='ocrx_word' id='word_1_197' title='bbox 463 3417 629 3494; x_wconf 79' lang='lat' dir='ltr'><strong>illusorum,</strong></span> <span class='ocrx_word' id='word_1_198' title='bbox 653 3418 800 3479; x_wconf 90' lang='lat' dir='ltr'><strong>dominum</strong></span> <span class='ocrx_word' id='word_1_199' title='bbox 818 3419 982 3494; x_wconf 83' lang='lat' dir='ltr'><strong>Philippum</strong></span> <span class='ocrx_word' id='word_1_200' title='bbox 1003 3436 1091 3480; x_wconf 85' lang='lat' dir='ltr'><strong>vonn·</strong></span> <span class='ocrx_word' id='word_1_201' title='bbox 1102 3420 1154 3480; x_wconf 91' lang='lat' dir='ltr'><strong>der</strong></span> <span class='ocrx_word' id='word_1_202' title='bbox 1167 3420 1305 3495; x_wconf 79' lang='lat' dir='ltr'><strong>Brugken</strong></span> <span class='ocrx_word' id='word_1_203' title='bbox 1325 3425 1355 3480; x_wconf 91' lang='lat' dir='ltr'><strong>et</strong></span> <span class='ocrx_word' id='word_1_204' title='bbox 1366 3418 1558 3481; x_wconf 80' lang='lat' dir='ltr'><strong>secretarium</strong></span> 
     </span>
    </p>
   </div>
   <div class='ocr_carea' id='block_1_6' title="bbox 336 3522 1557 4025">
    <p class='ocr_par' dir='ltr' id='par_1_11' title="bbox 381 3522 1557 3708">
     <span class='ocr_line' id='line_1_26' title="bbox 381 3522 1557 3602; baseline -0.003 -19"><span class='ocrx_word' id='word_1_205' title='bbox 381 3525 525 3598; x_wconf 85' lang='lat' dir='ltr'><strong>quendum</strong></span> <span class='ocrx_word' id='word_1_206' title='bbox 538 3525 712 3586; x_wconf 88' lang='lat' dir='ltr'><strong>marchionis</strong></span> <span class='ocrx_word' id='word_1_207' title='bbox 732 3526 866 3587; x_wconf 79' lang='lat' dir='ltr'><strong>electoris</strong></span> <span class='ocrx_word' id='word_1_208' title='bbox 880 3526 1029 3602; x_wconf 84' lang='lat' dir='ltr'><strong>Eubulus,</strong></span> <span class='ocrx_word' id='word_1_209' title='bbox 1051 3526 1214 3601; x_wconf 88' lang='lat' dir='ltr'><strong>Philippus·</strong></span> <span class='ocrx_word' id='word_1_210' title='bbox 1225 3531 1255 3587; x_wconf 88' lang='lat' dir='ltr'><strong>et</strong></span> <span class='ocrx_word' id='word_1_211' title='bbox 1269 3524 1385 3587; x_wconf 85' lang='lat' dir='ltr'><strong>Samuel</strong></span> <span class='ocrx_word' id='word_1_212' title='bbox 1398 3522 1557 3588; x_wconf 78' lang='lat' dir='ltr'><strong>Waldeoie</strong></span> 
     </span>
     <span class='ocr_line' id='line_1_27' title="bbox 381 3631 846 3708; baseline 0.009 -19"><span class='ocrx_word' id='word_1_213' title='bbox 381 3632 500 3692; x_wconf 88' lang='lat' dir='ltr'><strong>comites</strong></span> <span class='ocrx_word' id='word_1_214' title='bbox 514 3631 645 3693; x_wconf 85' lang='lat' dir='ltr'><strong>convivio</strong></span> <span class='ocrx_word' id='word_1_215' title='bbox 660 3639 846 3708; x_wconf 85' lang='lat' dir='ltr'><strong>exceperunt.</strong></span> 
     </span>
    </p>

    <p class='ocr_par' dir='ltr' id='par_1_12' title="bbox 336 3736 1557 4025">
     <span class='ocr_line' id='line_1_28' title="bbox 469 3736 1556 3814; baseline -0.001 -17"><span class='ocrx_word' id='word_1_216' title='bbox 469 3738 627 3812; x_wconf 81' lang='lat' dir='ltr'><strong>xiiij-lunii</strong></span> <span class='ocrx_word' id='word_1_217' title='bbox 646 3740 775 3814; x_wconf 75' lang='lat' dir='ltr'><strong>loannes</strong></span> <span class='ocrx_word' id='word_1_218' title='bbox 796 3738 937 3799; x_wconf 88' lang='lat' dir='ltr'><strong>Henricue</strong></span> <span class='ocrx_word' id='word_1_219' title='bbox 956 3738 1112 3811; x_wconf 87' lang='lat' dir='ltr'><strong>intemplo</strong></span> <span class='ocrx_word' id='word_1_220' title='bbox 1134 3736 1264 3800; x_wconf 86' lang='lat' dir='ltr'><strong>Mauritii</strong></span> <span class='ocrx_word' id='word_1_221' title='bbox 1283 3753 1319 3797; x_wconf 85' lang='lat' dir='ltr'><strong>ex</strong></span> <span class='ocrx_word' id='word_1_222' title='bbox 1337 3752 1402 3811; x_wconf 86' lang='lat' dir='ltr'><strong>cap.</strong></span> <span class='ocrx_word' id='word_1_223' title='bbox 1431 3740 1473 3796; x_wconf 82' lang='lat'><strong>14</strong></span> <span class='ocrx_word' id='word_1_224' title='bbox 1495 3737 1556 3811; x_wconf 87' lang='lat' dir='ltr'><strong>epi·</strong></span> 
     </span>
     <span class='ocr_line' id='line_1_29' title="bbox 380 3842 1557 3919; baseline 0.002 -18"><span class='ocrx_word' id='word_1_225' title='bbox 380 3844 462 3903; x_wconf 83' lang='lat' dir='ltr'><strong>stoloe</strong></span> <span class='ocrx_word' id='word_1_226' title='bbox 482 3844 522 3903; x_wconf 89' lang='lat' dir='ltr'><strong>ad</strong></span> <span class='ocrx_word' id='word_1_227' title='bbox 533 3843 680 3905; x_wconf 74' lang='lat' dir='ltr'><strong>Romanm</strong></span> <span class='ocrx_word' id='word_1_228' title='bbox 703 3851 870 3919; x_wconf 82' lang='lat' dir='ltr'><strong>sequentem</strong></span> <span class='ocrx_word' id='word_1_229' title='bbox 884 3842 912 3903; x_wconf 89' lang='lat' dir='ltr'><strong>d.</strong></span> <span class='ocrx_word' id='word_1_230' title='bbox 929 3843 1014 3909; x_wconf 84' lang='lat' dir='ltr'><strong>Pauli</strong></span> <span class='ocrx_word' id='word_1_231' title='bbox 1037 3844 1209 3905; x_wconf 83' lang='lat' dir='ltr'><strong>sententiam</strong></span> <span class='ocrx_word' id='word_1_232' title='bbox 1234 3842 1378 3919; x_wconf 86' lang='lat' dir='ltr'><strong>exposuit:</strong></span> <span class='ocrx_word' id='word_1_233' title='bbox 1405 3842 1474 3902; x_wconf 86' lang='lat' dir='ltr'><strong>»Tu</strong></span> <span class='ocrx_word' id='word_1_234' title='bbox 1488 3856 1557 3903; x_wconf 82' lang='lat' dir='ltr'><strong>vero</strong></span> 
     </span>
     <span class='ocr_line' id='line_1_30' title="bbox 336 3944 1557 4025; baseline 0.002 -23"><span class='ocrx_word' id='word_1_235' title='bbox 336 3990 344 4001; x_wconf 85' lang='lat'>.</span> <span class='ocrx_word' id='word_1_236' title='bbox 379 3962 431 4006; x_wconf 89' lang='lat' dir='ltr'><strong>cur</strong></span> <span class='ocrx_word' id='word_1_237' title='bbox 450 3948 564 4021; x_wconf 86' lang='lat' dir='ltr'><strong>judicas</strong></span> <span class='ocrx_word' id='word_1_238' title='bbox 583 3947 704 4009; x_wconf 79' lang='lat' dir='ltr'><strong>fratrem</strong></span> <span class='ocrx_word' id='word_1_239' title='bbox 725 3948 827 4010; x_wconf 81' lang='lat' dir='ltr'><strong>tuum?</strong></span> <span class='ocrx_word' id='word_1_240' title='bbox 864 3949 925 4009; x_wconf 80' lang='lat' dir='ltr'><strong>Aut</strong></span> <span class='ocrx_word' id='word_1_241' title='bbox 945 3950 1033 4008; x_wconf 88' lang='lat' dir='ltr'><strong>etiam</strong></span> <span class='ocrx_word' id='word_1_242' title='bbox 1052 3955 1084 4009; x_wconf 89' lang='lat' dir='ltr'><strong>tu</strong></span> <span class='ocrx_word' id='word_1_243' title='bbox 1107 3966 1158 4009; x_wconf 87' lang='lat' dir='ltr'><strong>cur</strong></span> <span class='ocrx_word' id='word_1_244' title='bbox 1178 3948 1300 4025; x_wconf 89' lang='lat' dir='ltr'><strong>despicis</strong></span> <span class='ocrx_word' id='word_1_245' title='bbox 1314 3946 1438 4007; x_wconf 70' lang='lat' dir='ltr'><strong>matrem</strong></span> <span class='ocrx_word' id='word_1_246' title='bbox 1452 3944 1557 4009; x_wconf 77' lang='lat' dir='ltr'><strong>mum?</strong></span> 
     </span>
    </p>
   </div>
   <div class='ocr_carea' id='block_1_7' title="bbox 380 4036 1661 4132">
    <p class='ocr_par' dir='ltr' id='par_1_13' title="bbox 380 4036 1661 4132">
     <span class='ocr_line' id='line_1_31' title="bbox 380 4036 1661 4132; baseline 0 -19"><span class='ocrx_word' id='word_1_247' title='bbox 380 4051 484 4113; x_wconf 88' lang='lat' dir='ltr'><strong>Omnes</strong></span> <span class='ocrx_word' id='word_1_248' title='bbox 498 4056 575 4114; x_wconf 91' lang='lat' dir='ltr'><strong>enim</strong></span> <span class='ocrx_word' id='word_1_249' title='bbox 589 4040 749 4116; x_wconf 81' lang='lat' dir='ltr'><strong>statuemur</strong></span> <span class='ocrx_word' id='word_1_250' title='bbox 763 4055 842 4131; x_wconf 89' lang='lat' dir='ltr'><strong>apud</strong></span> <span class='ocrx_word' id='word_1_251' title='bbox 859 4055 987 4117; x_wconf 84' lang='lat' dir='ltr'><strong>tribunal</strong></span> <span class='ocrx_word' id='word_1_252' title='bbox 1003 4054 1124 4131; x_wconf 76' lang='lat' dir='ltr'><strong>censu,</strong></span> <span class='ocrx_word' id='word_1_253' title='bbox 1148 4056 1286 4132; x_wconf 89' lang='lat' dir='ltr'><strong>scriptum</strong></span> <span class='ocrx_word' id='word_1_254' title='bbox 1306 4059 1350 4115; x_wconf 90' lang='lat' dir='ltr'><strong>est</strong></span> <span class='ocrx_word' id='word_1_255' title='bbox 1372 4055 1464 4114; x_wconf 89' lang='lat' dir='ltr'><strong>enim:</strong></span> <span class='ocrx_word' id='word_1_256' title='bbox 1491 4055 1557 4115; x_wconf 79' lang='lat' dir='ltr'><strong>vivo</strong></span> <span class='ocrx_word' id='word_1_257' title='bbox 1660 4036 1661 4049; x_wconf 43' lang='lat'>¹</span> 
     </span>
    </p>
   </div>
   <div class='ocr_carea' id='block_1_8' title="bbox 378 4156 1556 4247">
    <p class='ocr_par' dir='ltr' id='par_1_14' title="bbox 378 4156 1556 4247">
     <span class='ocr_line' id='line_1_32' title="bbox 378 4156 1556 4247; baseline 0 -28"><span class='ocrx_word' id='word_1_258' title='bbox 378 4156 444 4234; x_wconf 74' lang='lat' dir='ltr'><strong>ego‚&#39;</strong></span> <span class='ocrx_word' id='word_1_259' title='bbox 458 4160 528 4220; x_wconf 90' lang='lat' dir='ltr'><strong>dicit</strong></span> <span class='ocrx_word' id='word_1_260' title='bbox 543 4159 683 4238; x_wconf 87' lang='lat' dir='ltr'><strong>dominus,</strong></span> <span class='ocrx_word' id='word_1_261' title='bbox 703 4163 773 4222; x_wconf 87' lang='lat' dir='ltr'><strong>mihi</strong></span> <span class='ocrx_word' id='word_1_262' title='bbox 788 4177 852 4223; x_wconf 89' lang='lat' dir='ltr'><strong>sese</strong></span> <span class='ocrx_word' id='word_1_263' title='bbox 865 4160 963 4247; x_wconf 84' lang='lat' dir='ltr'><strong>flectet</strong></span> <span class='ocrx_word' id='word_1_264' title='bbox 977 4178 1152 4237; x_wconf 67' lang='lat' dir='ltr'><strong>omneprenu</strong></span> <span class='ocrx_word' id='word_1_265' title='bbox 1173 4168 1203 4221; x_wconf 92' lang='lat' dir='ltr'><strong>et</strong></span> <span class='ocrx_word' id='word_1_266' title='bbox 1216 4162 1307 4221; x_wconf 88' lang='lat' dir='ltr'><strong>omnis</strong></span> <span class='ocrx_word' id='word_1_267' title='bbox 1321 4161 1422 4235; x_wconf 77' lang='lat' dir='ltr'><strong>lingue</strong></span> <span class='ocrx_word' id='word_1_268' title='bbox 1436 4157 1556 4221; x_wconf 84' lang='lat' dir='ltr'><strong>coufite-</strong></span> 
     </span>
    </p>
   </div>
   <div class='ocr_carea' id='block_1_9' title="bbox 287 4264 1556 4343">
    <p class='ocr_par' dir='ltr' id='par_1_15' title="bbox 287 4264 1556 4343">
     <span class='ocr_line' id='line_1_33' title="bbox 287 4264 1556 4343; baseline 0 -18"><span class='ocrx_word' id='word_1_269' title='bbox 287 4290 293 4308; x_wconf 52' lang='lat' dir='ltr'><strong>u</strong></span> <span class='ocrx_word' id='word_1_270' title='bbox 378 4266 457 4325; x_wconf 86' lang='lat' dir='ltr'><strong>bitur</strong></span> <span class='ocrx_word' id='word_1_271' title='bbox 464 4266 537 4327; x_wconf 85' lang='lat' dir='ltr'><strong>Deo.</strong></span> <span class='ocrx_word' id='word_1_272' title='bbox 562 4266 653 4343; x_wconf 80' lang='lat' dir='ltr'><strong>Igitur</strong></span> <span class='ocrx_word' id='word_1_273' title='bbox 668 4286 742 4329; x_wconf 87' lang='lat' dir='ltr'><strong>unus</strong></span> <span class='ocrx_word' id='word_1_274' title='bbox 758 4271 880 4343; x_wconf 88' lang='lat' dir='ltr'><strong>quisque</strong></span> <span class='ocrx_word' id='word_1_275' title='bbox 894 4275 1024 4329; x_wconf 77' lang='lat' dir='ltr'><strong>cosmum</strong></span> <span class='ocrx_word' id='word_1_276' title='bbox 1039 4269 1075 4329; x_wconf 92' lang='lat' dir='ltr'><strong>de</strong></span> <span class='ocrx_word' id='word_1_277' title='bbox 1090 4284 1122 4328; x_wconf 91' lang='lat' dir='ltr'><strong>se</strong></span> <span class='ocrx_word' id='word_1_278' title='bbox 1136 4268 1200 4343; x_wconf 87' lang='lat' dir='ltr'><strong>ipso</strong></span> <span class='ocrx_word' id='word_1_279' title='bbox 1214 4268 1354 4331; x_wconf 81' lang='lat' dir='ltr'><strong>rationum</strong></span> <span class='ocrx_word' id='word_1_280' title='bbox 1369 4264 1556 4337; x_wconf 85' lang='lat' dir='ltr'><strong>reddetlleo,</strong></span> 
     </span>
    </p>
   </div>
   <div class='ocr_carea' id='block_1_10' title="bbox 375 4372 1559 4978">
    <p class='ocr_par' dir='ltr' id='par_1_16' title="bbox 375 4372 1559 4978">
     <span class='ocr_line' id='line_1_34' title="bbox 377 4372 1559 4449; baseline 0.003 -21"><span class='ocrx_word' id='word_1_281' title='bbox 377 4388 414 4431; x_wconf 90' lang='lat' dir='ltr'><strong>ne</strong></span> <span class='ocrx_word' id='word_1_282' title='bbox 427 4372 547 4446; x_wconf 83' lang='lat' dir='ltr'><strong>posthac</strong></span> <span class='ocrx_word' id='word_1_283' title='bbox 555 4374 644 4449; x_wconf 79' lang='lat' dir='ltr'><strong>igitur</strong></span> <span class='ocrx_word' id='word_1_284' title='bbox 652 4376 726 4436; x_wconf 92' lang='lat' dir='ltr'><strong>alius</strong></span> <span class='ocrx_word' id='word_1_285' title='bbox 734 4376 824 4435; x_wconf 85' lang='lat' dir='ltr'><strong>alium</strong></span> <span class='ocrx_word' id='word_1_286' title='bbox 829 4375 1022 4448; x_wconf 77' lang='lat' dir='ltr'><strong>iudicemus«</strong></span> <span class='ocrx_word' id='word_1_287' title='bbox 1047 4373 1140 4449; x_wconf 77' lang='lat' dir='ltr'><strong>Igitur</strong></span> <span class='ocrx_word' id='word_1_288' title='bbox 1147 4373 1288 4449; x_wconf 84' lang='lat' dir='ltr'><strong>principio</strong></span> <span class='ocrx_word' id='word_1_289' title='bbox 1298 4372 1381 4448; x_wconf 83' lang='lat' dir='ltr'><strong>dixit,</strong></span> <span class='ocrx_word' id='word_1_290' title='bbox 1396 4388 1456 4446; x_wconf 87' lang='lat' dir='ltr'><strong>quo</strong></span> <span class='ocrx_word' id='word_1_291' title='bbox 1471 4374 1559 4445; x_wconf 81' lang='lat' dir='ltr'><strong>pactu</strong></span> 
     </span>
     <span class='ocr_line' id='line_1_35' title="bbox 378 4475 1558 4557; baseline 0.003 -24"><span class='ocrx_word' id='word_1_292' title='bbox 378 4475 487 4535; x_wconf 88' lang='lat' dir='ltr'><strong>Paulus</strong></span> <span class='ocrx_word' id='word_1_293' title='bbox 501 4476 576 4537; x_wconf 87' lang='lat' dir='ltr'><strong>hanc</strong></span> <span class='ocrx_word' id='word_1_294' title='bbox 593 4479 831 4553; x_wconf 84' lang='lat' dir='ltr'><strong>disceptationem</strong></span> <span class='ocrx_word' id='word_1_295' title='bbox 849 4479 880 4537; x_wconf 91' lang='lat' dir='ltr'><strong>in</strong></span> <span class='ocrx_word' id='word_1_296' title='bbox 903 4480 1024 4539; x_wconf 89' lang='lat' dir='ltr'><strong>ecclesia</strong></span> <span class='ocrx_word' id='word_1_297' title='bbox 1038 4480 1168 4557; x_wconf 79' lang='lat' dir='ltr'><strong>Romano</strong></span> <span class='ocrx_word' id='word_1_298' title='bbox 1190 4495 1225 4538; x_wconf 86' lang='lat' dir='ltr'><strong>ex</strong></span> <span class='ocrx_word' id='word_1_299' title='bbox 1239 4477 1350 4538; x_wconf 76' lang='lat' dir='ltr'><strong>Judoeis</strong></span> <span class='ocrx_word' id='word_1_300' title='bbox 1365 4482 1397 4537; x_wconf 91' lang='lat' dir='ltr'><strong>et</strong></span> <span class='ocrx_word' id='word_1_301' title='bbox 1410 4476 1558 4552; x_wconf 74' lang='lat' dir='ltr'><strong>gentibue,</strong></span> 
     </span>
     <span class='ocr_line' id='line_1_36' title="bbox 377 4580 1559 4663; baseline 0.002 -23"><span class='ocrx_word' id='word_1_302' title='bbox 377 4585 411 4641; x_wconf 91' lang='lat' dir='ltr'><strong>nt</strong></span> <span class='ocrx_word' id='word_1_303' title='bbox 421 4582 483 4655; x_wconf 77' lang='lat' dir='ltr'><strong>jam</strong></span> <span class='ocrx_word' id='word_1_304' title='bbox 497 4583 602 4658; x_wconf 80' lang='lat' dir='ltr'><strong>sepius</strong></span> <span class='ocrx_word' id='word_1_305' title='bbox 616 4583 724 4644; x_wconf 77' lang='lat' dir='ltr'><strong>dcun</strong></span> <span class='ocrx_word' id='word_1_306' title='bbox 738 4590 799 4659; x_wconf 87' lang='lat' dir='ltr'><strong>est,</strong></span> <span class='ocrx_word' id='word_1_307' title='bbox 824 4584 989 4659; x_wconf 88' lang='lat' dir='ltr'><strong>collectam,</strong></span> <span class='ocrx_word' id='word_1_308' title='bbox 1015 4600 1073 4645; x_wconf 87' lang='lat' dir='ltr'><strong>non</strong></span> <span class='ocrx_word' id='word_1_309' title='bbox 1092 4583 1129 4645; x_wconf 91' lang='lat' dir='ltr'><strong>de</strong></span> <span class='ocrx_word' id='word_1_310' title='bbox 1144 4585 1272 4663; x_wconf 62' lang='lat' dir='ltr'><strong>micum</strong></span> <span class='ocrx_word' id='word_1_311' title='bbox 1291 4581 1373 4658; x_wconf 85' lang='lat' dir='ltr'><strong>fidei,</strong></span> <span class='ocrx_word' id='word_1_312' title='bbox 1399 4582 1455 4643; x_wconf 90' lang='lat' dir='ltr'><strong>sed</strong></span> <span class='ocrx_word' id='word_1_313' title='bbox 1469 4581 1506 4643; x_wconf 89' lang='lat' dir='ltr'><strong>de</strong></span> <span class='ocrx_word' id='word_1_314' title='bbox 1521 4580 1559 4641; x_wconf 90' lang='lat' dir='ltr'><strong>iis</strong></span> 
     </span>
     <span class='ocr_line' id='line_1_37' title="bbox 378 4680 1557 4765; baseline 0.002 -21"><span class='ocrx_word' id='word_1_315' title='bbox 378 4680 443 4758; x_wconf 70' lang='lat' dir='ltr'><strong>pute</strong></span> <span class='ocrx_word' id='word_1_316' title='bbox 458 4687 519 4747; x_wconf 87' lang='lat' dir='ltr'><strong>sine</strong></span> <span class='ocrx_word' id='word_1_317' title='bbox 533 4693 653 4762; x_wconf 87' lang='lat' dir='ltr'><strong>peccato</strong></span> <span class='ocrx_word' id='word_1_318' title='bbox 674 4690 721 4749; x_wconf 81' lang='lat' dir='ltr'><strong>vel</strong></span> <span class='ocrx_word' id='word_1_319' title='bbox 743 4690 837 4749; x_wconf 88' lang='lat' dir='ltr'><strong>omitti</strong></span> <span class='ocrx_word' id='word_1_320' title='bbox 853 4689 901 4751; x_wconf 86' lang='lat' dir='ltr'><strong>vel</strong></span> <span class='ocrx_word' id='word_1_321' title='bbox 914 4687 979 4749; x_wconf 84' lang='lat' dir='ltr'><strong>fleri</strong></span> <span class='ocrx_word' id='word_1_322' title='bbox 996 4680 1150 4765; x_wconf 62' lang='lat' dir='ltr'><strong>‘potemnt3</strong></span> <span class='ocrx_word' id='word_1_323' title='bbox 1165 4690 1268 4751; x_wconf 89' lang='lat' dir='ltr'><strong>tollere</strong></span> <span class='ocrx_word' id='word_1_324' title='bbox 1282 4689 1415 4750; x_wconf 84' lang='lat' dir='ltr'><strong>voluerit.</strong></span> <span class='ocrx_word' id='word_1_325' title='bbox 1455 4688 1557 4749; x_wconf 88' lang='lat' dir='ltr'><strong>Primo</strong></span> 
     </span>
     <span class='ocr_line' id='line_1_38' title="bbox 377 4788 1556 4872; baseline 0.003 -25"><span class='ocrx_word' id='word_1_326' title='bbox 377 4788 513 4849; x_wconf 77' lang='lat' dir='ltr'><strong>ludunum</strong></span> <span class='ocrx_word' id='word_1_327' title='bbox 527 4794 685 4868; x_wconf 85' lang='lat' dir='ltr'><strong>corripiens</strong></span> <span class='ocrx_word' id='word_1_328' title='bbox 699 4794 753 4857; x_wconf 86' lang='lat' dir='ltr'><strong>ait:</strong></span> <span class='ocrx_word' id='word_1_329' title='bbox 769 4794 815 4854; x_wconf 82' lang='lat' dir='ltr'><strong>Tu</strong></span> <span class='ocrx_word' id='word_1_330' title='bbox 828 4810 896 4854; x_wconf 83' lang='lat' dir='ltr'><strong>uero</strong></span> <span class='ocrx_word' id='word_1_331' title='bbox 911 4794 1073 4868; x_wconf 74' lang='lat' dir='ltr'><strong>deiudices</strong></span> <span class='ocrx_word' id='word_1_332' title='bbox 1087 4792 1207 4857; x_wconf 80' lang='lat' dir='ltr'><strong>fratrem</strong></span> <span class='ocrx_word' id='word_1_333' title='bbox 1215 4794 1310 4872; x_wconf 86' lang='lat' dir='ltr'><strong>(quasi</strong></span> <span class='ocrx_word' id='word_1_334' title='bbox 1325 4788 1450 4869; x_wconf 83' lang='lat' dir='ltr'><strong>dicut)ei</strong></span> <span class='ocrx_word' id='word_1_335' title='bbox 1463 4792 1556 4853; x_wconf 77' lang='lat' dir='ltr'><strong>liher-</strong></span> 
     </span>
     <span class='ocr_line' id='line_1_39' title="bbox 375 4896 1553 4978; baseline 0.007 -23"><span class='ocrx_word' id='word_1_336' title='bbox 375 4897 422 4954; x_wconf 69' lang='lat' dir='ltr'><strong>tec</strong></span> <span class='ocrx_word' id='word_1_337' title='bbox 436 4896 617 4957; x_wconf 73' lang='lat' dir='ltr'><strong>contuentis</strong></span> <span class='ocrx_word' id='word_1_338' title='bbox 636 4898 692 4958; x_wconf 81' lang='lat' dir='ltr'><strong>tihi</strong></span> <span class='ocrx_word' id='word_1_339' title='bbox 709 4899 814 4961; x_wconf 86' lang='lat' dir='ltr'><strong>suadet</strong></span> <span class='ocrx_word' id='word_1_340' title='bbox 831 4900 983 4963; x_wconf 84' lang='lat' dir='ltr'><strong>comedere</strong></span> <span class='ocrx_word' id='word_1_341' title='bbox 1005 4916 1043 4964; x_wconf 84' lang='lat' dir='ltr'><strong>es</strong></span> <span class='ocrx_word' id='word_1_342' title='bbox 1055 4918 1120 4977; x_wconf 86' lang='lat' dir='ltr'><strong>quea</strong></span> <span class='ocrx_word' id='word_1_343' title='bbox 1143 4902 1174 4963; x_wconf 91' lang='lat' dir='ltr'><strong>in</strong></span> <span class='ocrx_word' id='word_1_344' title='bbox 1187 4902 1252 4978; x_wconf 74' lang='lat' dir='ltr'><strong>lese</strong></span> <span class='ocrx_word' id='word_1_345' title='bbox 1267 4901 1429 4963; x_wconf 86' lang='lat' dir='ltr'><strong>communia</strong></span> <span class='ocrx_word' id='word_1_346' title='bbox 1441 4914 1553 4963; x_wconf 72' lang='lat' dir='ltr'><strong>rocam</strong></span> 
     </span>
    </p>
   </div>
   <div class='ocr_carea' id='block_1_11' title="bbox 0 0 1854 5692">
    <p class='ocr_par' dir='ltr' id='par_1_17' title="bbox 0 0 1854 5692">
     <span class='ocr_line' id='line_1_40' title="bbox 0 0 1854 5692; baseline 0 1"><span class='ocrx_word' id='word_1_347' title='bbox 0 0 1854 5692; x_wconf 95' lang='lat' dir='ltr'><strong> </strong></span> 
     </span>
    </p>
   </div>
  </div>
 </body>
</html>
