3700 5692
691 688 702 703 ·
768 664 920 721 SATYRA.

360 826 535 908 discipulus
557 825 680 905 melior,
703 824 875 907 conscripti
896 824 930 891 in
953 824 1098 891 vestibus
1121 824 1201 891 atris

358 931 471 997 heroes
494 949 709 1016 proceresque
732 935 766 995 ct
786 930 888 995 tristis
910 931 1008 996 turba
1031 931 1163 997 deorum

357 1035 491 1104 inferias
516 1037 634 1103 ducent
656 1041 689 1104 et
712 1036 876 1103 mausolea
897 1038 1075 1119 parabuut3

302 1143 519 1226 megreginm
540 1144 574 1208 in
598 1143 710 1209 tumba
732 1140 858 1208 facinus
880 1142 968 1226 leget
989 1143 1099 1210 invida
1122 1146 1233 1211 tantm

353 1249 529 1331 posteritas
553 1249 642 1316 laudi
664 1248 849 1331 similesque
873 1248 1010 1315 viriliter
1032 1268 1129 1318 ausus

353 1353 456 1419 moliri
480 1371 573 1419 seros
596 1353 752 1420 accendet
774 1351 860 1418 fama
883 1358 1027 1435 nepotes.

353 1458 599 1541 Quamprimum
619 1459 745 1541 gelidas
766 1476 925 1539 generosa
947 1458 1114 1555 reliquerit
1137 1460 1252 1529 umbra

354 1565 499 1650 corporis
523 1565 665 1646 exuvias,
690 1584 754 1631 non
776 1565 865 1631 illam
887 1563 984 1630 lintre
1008 1564 1143 1647 profano

299 1687 342 1740 aas
352 1670 501 1752 portitor,
524 1676 691 1738 assuetum
713 1671 844 1737 timidus
868 1670 1043 1753 deposcere
1066 1671 1207 1754 naulum,

353 1775 496 1858 excipiet·
517 1792 577 1843 nec
599 1796 663 1860 qua
684 1777 800 1860 vulgus
824 1776 992 1843 deducitur
1016 1777 1100 1857 alno,

354 1899 463 1964 puppe
488 1882 547 1947 sed
570 1888 684 1949 aurata
705 1883 871 1966 multoque
895 1884 1019 1949 nitente
1041 1900 1172 1966 pyropo,

353 1986 443 2053 cuins
467 1987 595 2054 victrici
617 1987 747 2070 fulgent
768 1988 931 2055 carchesia
952 1990 1054 2055 lauru.

354 2090 519 2160 Cerberus
542 2094 676 2161 Alciden
699 2101 790 2161 ratus
813 2094 991 2161 adventare
1019 2091 1171 2159 trifauces

300 2198 532 2268 tsoabscondet
554 2198 671 2266 rictus:
698 2200 785 2265 nullo
807 2198 1001 2281 prohibente
1025 2214 1172 2279 capesses

355 2302 454 2387 Elysii
477 2303 578 2369 silvas
601 2304 703 2387 campi
727 2304 885 2386 sedesque
906 2303 1029 2369 beatas.

394 2410 411 2475 I
433 2428 525 2475 nunc
547 2413 580 2475 et
602 2410 717 2476 dubita.
735 2410 839 2491 raptis
862 2428 901 2473 ex
924 2425 1041 2473 ansere
1064 2408 1180 2488 pennis

354 2515 517 2583 letiferum
538 2515 706 2598 praeferre
729 2534 848 2591 ensem,
876 2513 1048 2597 scissisque
1070 2513 1190 2581 libellis

355 2620 466 2689 florem
489 2624 560 2689 aeri
583 2622 710 2687 stabulo
733 2627 767 2688 et
789 2620 907 2687 celebri
932 2620 1053 2685 donare
1076 2620 1248 2703 palaestra,

304 2726 447 2797 aesiortis
471 2726 687 2811 aqualiculum
709 2727 815 2793 discus
838 2730 874 2791 nt
896 2726 1034 2791 tundere
1056 2726 1151 2807 opimi

357 2834 497 2901 athletae
520 2838 553 2900 et
575 2839 669 2900 sonet
691 2835 756 2899 icta
778 2837 833 2899 tuo
856 2850 931 2914 seps
954 2830 1061 2897 ferrea
1083 2831 1189 2915 pulsu,

357 2945 441 3006 lecta
462 2938 553 3005 hirco
576 2944 633 3004 aut
655 2938 772 3021 triplici
795 2937 950 3021 pugnacis
973 2943 1101 3017 tergore
1124 2936 1218 3003 tauri.

392 3045 527 3110 Interes
547 3041 605 3108 tali
628 3042 703 3108 dum
724 3041 829 3108 fervet
852 3059 953 3107 arena
975 3039 1124 3121 tumultu,

364 3147 427 3215 dum
454 3152 564 3215 certae
586 3152 737 3214 exercent
760 3148 894 3213 iuvenes
915 3147 1085 3229 praeludis
1107 3145 1224 3229 famae,

309 3260 450 3339 ibatque
473 3252 591 3337 aliquis
613 3253 741 3319 labrum
761 3253 864 3319 livens
888 3252 1043 3319 vibicibus
1066 3252 1168 3332 ungit·

358 3360 577 3443 abstergitq'ue
600 3376 701 3439 genas
724 3358 914 3441 mistamque
938 3375 1050 3423 cruore
1076 3356 1211 3427 salivam

360 3466 494 3549 exspuit,
520 3483 687 3531 excussum
711 3482 870 3548 quaerens
893 3465 926 3529 in
949 3463 1083 3546 pulvere
1106 3464 1252 3532 dentem:

355 3569 500 3653 impexus
522 3572 666 3650 barbam,
689 3570 776 3635 nullo
800 3569 983 3647 comitante,
1007 3569 1160 3650 magister
1218 3640 1221 3650 Ι

358 3677 499 3743 ambulat
521 3676 563 3741 ad
586 3676 780 3755 cathedram,
805 3694 906 3742 vacua
929 3674 1072 3741 lecturus
1097 3676 1130 3739 in
1154 3675 1237 3756 auls,

304 3786 386 3849 libet
407 3782 527 3849 stultas
550 3784 646 3849 miser
669 3782 711 3847 ad
734 3781 889 3847 subsellia
912 3780 1002 3857 nuda¹
1021 3778 1142 3861 figuras

359 3888 552 3970 scripturum
576 3888 647 3971 quis
671 3888 756 3954 enim
779 3887 1102 3953 doctori-commodet
1125 3904 1235 3955 aurem

354 3991 482 4073 plebeio
505 4001 604 4077 atque
625 3994 712 4077 inopi
738 3998 770 4059 et
793 4010 902 4059 crassa
924 3997 1106 4059 atramenta
1128 3993 1275 4061 cacantil

360 4098 418 4178 Qui
441 4100 486 4165 nil
509 4100 633 4181 grande
657 4104 768 4179 sonat,
792 4099 843 4166 cui
866 4117 1029 4184 nunquam
1052 4100 1177 4165 illustre
1200 4106 1347 4169 verutum
1371 4105 1421 4168 est

358 4203 388 4270 in
413 4206 563 4272 manibus
585 4224 645 4273 nec
667 4205 867 4288 quadrupedi
892 4204 969 4272 dare
994 4208 1083 4273 novit
1103 4206 1257 4291 habenas

303 4310 411 4375 llused
434 4311 484 4376 cui
508 4311 611 4377 multa
632 4311 714 4375 latet
735 4310 825 4376 tenui
848 4310 907 4375 sub
931 4316 1023 4377 veste
1051 4311 1202 4391 supellex,

357 4416 470 4495 regula
493 4421 526 4481 et
546 4414 699 4483 inflexum
723 4415 877 4482 ducturus
900 4416 1038 4482 circinus
1062 4433 1180 4495 arcum,
1287 4424 1292 4433 ·

359 4522 468 4604 etqui
490 4521 585 4603 nigra
606 4523 698 4605 bipes
721 4521 884 4604 dependat
906 4522 948 4587 ad
972 4521 1027 4587 ilia
1049 4537 1197 4603 gnomon,

359 4630 456 4708 atque
477 4626 634 4709 inscripta
656 4628 740 4695 notis
765 4628 931 4695 cerebrum
954 4625 1158 4693 turbantibus
1181 4624 1294 4707 ingens

361 4732 565 4801 membranae
587 4736 685 4801 moles
708 4738 741 4799 et
759 4739 867 4802 cretae
889 4731 995 4801 frusta
1017 4730 1147 4800 bilibris.
