3700 5692
1443 634 1455 665 Ι

853 730 908 795 at·

278 923 356 983 gans
371 913 405 966 nt
419 908 466 969 vel
480 909 577 983 aliquo
599 922 658 971 nos
671 925 811 986 responso
832 909 1014 986 dignaretur,
1035 916 1061 973 si
1074 912 1147 975 forte
1169 921 1322 991 antequam
1339 920 1393 994 ipsi
1407 935 1453 979 re·

279 1016 463 1073 verteremur
479 1016 630 1089 episcopus
644 1016 683 1075 ed
697 1017 872 1075 mansionem
888 1034 969 1077 suam
979 1020 1097 1079 veniret.
1122 1020 1234 1082 Aderat
1249 1028 1279 1083 et
1293 1024 1453 1099 inauspica-

279 1124 329 1177 tus
344 1118 511 1179 Muivendu.
551 1119 739 1180 Weudelinus
759 1123 912 1195 assumptis
937 1121 1073 1184 iratribus
1097 1128 1202 1201 nostris
1217 1130 1331 1187 tentare
1354 1130 1452 1202 voluit,

279 1242 319 1283 au
335 1226 428 1298 possit
442 1224 499 1283 illis
514 1223 635 1284 facultas
651 1226 834 1287 archiducem
850 1228 1014 1300 alloquendi
1029 1229 1185 1304 obtingere,
1210 1238 1241 1289 at
1262 1234 1332 1291 nihil
1349 1235 1451 1293 evcnit.

372 1331 399 1388 A
414 1328 534 1402 prandio
557 1328 712 1403 hospitium
726 1331 927 1391 atrebatensis
947 1336 1143 1409 repetivimus,
1175 1340 1222 1411 qni
1238 1340 1267 1397 in
1281 1338 1366 1399 horto
1390 1357 1452 1399 oum

281 1436 416 1509 nymphia
438 1434 647 1495 deambulabat.
692 1437 762 1495 Post
789 1438 921 1511 pusillum
945 1442 1081 1515 temporis
1104 1458 1257 1515 germanus
1278 1446 1339 1518 ejus
1363 1442 1453 1504 frater

281 1542 362 1600 veuit
376 1540 482 1628 etipse
497 1538 747 1615 honum-inuram,
763 1543 916 1618 statimqne
933 1560 1081 1621 reversus,
1107 1564 1190 1621 quem
1206 1532 1271 1608 mox
1286 1550 1452 1609 subsecutus

281 1652 327 1705 est
340 1644 433 1705 irater
448 1646 608 1720 episcopus.
648 1646 735 1720 Cujus
749 1651 913 1725 conspectui
929 1668 990 1711 eum
1009 1668 1060 1712 uos
1077 1652 1276 1713 exhiberemus
1291 1657 1344 1715 ait:
1369 1654 1452 1715 Certe

280 1751 377 1811 adbuc
395 1749 470 1815 nibil·
490 1752 571 1825 potui
594 1750 734 1811 Caesarea
755 1755 900 1827 maiestati
924 1755 1043 1816 referre.
1088 1757 1216 1832 Rogatus
1237 1761 1399 1834 igiturest,
1421 1766 1453 1819 ut

281 1858 404 1931 quesita
417 1855 534 1916 tandem
549 1859 763 1930 opportunitate
779 1875 831 1918 nos
852 1861 1063 1921 commendatos
1085 1862 1191 1923 babere
1207 1864 1283 1923 velit.
1324 1864 1405 1935 Quod
1421 1882 1451 1925 se

281 1962 423 2029 iacturum
444 1964 565 2037 reecpit,
589 1962 640 2021 sed
660 1962 717 2022 fide
741 1966 786 2040 (ut
800 1966 868 2023 mibi
883 1964 995 2038 videor)
1016 1966 1117 2025 aulica.
1158 1968 1196 2025 Et
1211 1967 1272 2025 haec
1296 1970 1379 2041 hujns
1396 1970 1451 2029 diei

282 2066 555 2142 catastropbeerat
1219 2126 1220 2133 ,

372 2170 489 2231 Interim
511 2177 606 2231 ιιιιιιιι
630 2174 814 2248 cognovimus
837 2181 905 2235 ante
925 2176 987 2236 dies
1010 2174 1168 2251 complures
1188 2192 1301 2235 cansam
1327 2178 1451 2253 Philippi

281 2280 393 2339 comitis
409 2260 561 2338 aNessav
581 2285 612 2337 et
631 2286 757 2342 nostram
781 2282 947 2356 imperatori
963 2282 1118 2354 expositam
1135 2298 1204 2342 esse.
1245 2282 1301 2342 Sed
1315 2284 1377 2343 baec
1391 2300 1450 2344 ma·

282 2385 356 2445 teria
386 2400 445 2442 non
470 2381 553 2443 facile
584 2385 737 2444 resolvitur
766 2387 821 2447 uisi
848 2392 971 2460 patrono
998 2392 1127 2461 nummo,
1158 2404 1211 2447 uec
1237 2372 1368 2447 obolaria
1390 2390 1451 2447 hacc

281 2505 328 2549 res
342 2494 397 2549 est.
514 2554 518 2557 ,

371 2594 476 2655 Frater
495 2594 696 2657 adamnanus
723 2599 836 2657 nomine
865 2598 987 2659 fratrum
1016 2606 1190 2673 noseorum,
1204 2656 1208 2665 ,
1222 2601 1386 2673 quibuscum
1410 2600 1449 2659 illi

281 2699 450 2765 Wormatiae
474 2700 579 2761 ιιοιίιὶι
602 2702 735 2777 configit,
755 2708 789 2763 ιιι
808 2711 936 2765 nostram
951 2720 1065 2767 causam
1080 2706 1157 2779 apud
1172 2706 1389 2765 attrebatensem
1402 2708 1448 2779 iu-

283 2809 373 2880 varet,
396 2815 450 2880 per
465 2804 609 2867 Eubulum
624 2811 742 2881 rogatus
757 2814 809 2867 est.
848 2810 998 2871 Pollicitus
1015 2817 1044 2869 et
1058 2811 1104 2869 hie
1120 2816 1163 2869 est
1178 2815 1288 2871 montes
1304 2827 1406 2871 aureos
1422 2818 1451 2871 at

282 2928 333 2971 nus
348 2926 451 2973 omnes
466 2912 668 2973 data-dexteru
683 2914 828 2975 salutavit.
1085 2896 1088 2901 ¹

343 3051 347 3059 ι
367 3016 481 3080 Eadem
495 3018 527 3076 in
541 3024 625 3078 nome
639 3018 699 3077 lire
713 3018 828 3093 quidam
843 3022 1003 3081 consularis
1018 3024 1156 3096 Augustae
1172 3022 1348 3081 clandestine
1363 3023 1450 3081 iuter-

280 3130 391 3200 emptus
414 3129 467 3183 ιιι.
516 3124 654 3184 Dominus
670 3125 707 3185 de
722 3125 889 3185 Emmerseil
911 3124 1034 3185 Caesaris
1054 3127 1147 3187 aulam
1168 3127 1350 3200 subsecutus,
1377 3128 1449 3187 Bra·

279 3232 424 3305 nanuum,
441 3230 579 3305 Auguste
594 3231 724 3292 moritur.
990 3308 992 3313 Ι

367 3336 446 3397 Dido
471 3336 507 3397 de
533 3337 718 3411 Kniephusen
753 3354 809 3410 quo
831 3336 953 3410 Viglinm
976 3339 1006 3395 in
1027 3353 1078 3395 suo
1105 3340 1219 3409 negotio
1242 3339 1450 3409 vigilantiorem

279 3442 424 3516 redderet,
446 3442 503 3517 ipsi
516 3450 618 3516 patera
634 3442 774 3503 deaurata
786 3443 952 3517 octuaginta
967 3438 1143 3501 florenorum
1162 3439 1271 3501 libavit.

366 3550 510 3607 Ernestns
529 3548 587 3607 dux
612 3548 802 3621 renunciavit,
827 3564 858 3608 se
882 3549 1019 3609 hactenus
1042 3548 1121 3623 apud
1142 3548 1291 3609 electorem
1313 3549 1342 3607 in
1364 3564 1450 3613 causa

282 3660 383 3715 noema
405 3652 477 3712 nibil
497 3651 632 3713 effecisse.
680 3652 788 3713 Eodem
812 3652 850 3712 ad
872 3653 1073 3716 Baltbasarum
1089 3653 1264 3728 Gultlingum
1286 3654 1448 3727 perscripsi.

279 3758 381 3819 Comes
395 3756 540 3817 Antonine
555 3758 592 3818 ah
607 3758 770 3833 Eiseuburg
785 3759 911 3819 nondum
932 3762 961 3819 iu
976 3762 1095 3834 gretiam
1113 3759 1234 3821 Caesaris
1249 3765 1380 3833 receptus
1396 3764 1448 3819 est.

366 3878 405 3921 xv
420 3864 493 3937 binii
514 3866 546 3923 in
568 3864 674 3939 templo
689 3864 835 3923 Minorem
851 3864 878 3924 d.
895 3863 1065 3925 Leouardua
1088 3882 1123 3926 er
1145 3866 1327 3940 evangelistis
1351 3881 1450 3925 rursm

277 3970 312 4029 de
329 3967 481 4029 commodo
500 3974 535 4028 et
549 3966 643 4028 huctn
664 3971 840 4029 ascensionis
855 3970 1003 4029 dominicae
1024 3970 1159 4033 disseruit
1179 3977 1208 4031 ιι
1222 3973 1398 4047 potissimum
1415 3972 1450 4031 de

276 4074 401 4137 articulo
416 4071 483 4132 fidei
499 4078 618 4133 noema:
641 4074 780 4135 Ascendit
801 4076 840 4134 ad
862 4076 967 4151 eoeios,
990 4076 1071 4137 sedet
1090 4077 1127 4137 ad
1143 4078 1273 4139 dextram
1289 4078 1346 4139 'Dei
1361 4078 1450 4151 patris

277 4179 483 4253 omnipotentis
496 4185 550 4240 ete.
574 4179 636 4241 Has
650 4185 747 4239 autem
761 4182 833 4241 duas
848 4182 1014 4256 sententias,
1035 4182 1141 4244 «Dedin
1155 4182 1231 4244 dona
1245 4184 1406 4267 huminibus
1421 4192 1451 4243 et

275 4286 417 4361 precepit
431 4287 474 4345 eis
489 4301 526 4345 ne
541 4285 579 4345 ab
593 4285 800 4359 Hierosolymis
816 4285 1011 4361 discederent,
1038 4289 1128 4349 donee
1143 4264 1256 4348 virtute¹
1264 4288 1451 4347 induerentur

275 4409 311 4453 ιιι
325 4394 408 4453 alto»
426 4393 603 4467 potisdmnm
612 4393 744 4467 urgebat,
755 4393 884 4453 indicans
895 4408 981 4466 qnam
990 4393 1060 4453 nihil
1075 4395 1143 4453 boni
1152 4408 1187 4451 ex
1203 4393 1285 4452 nobis
1301 4392 1369 4465 ipsis
1385 4409 1450 4466 pro

276 4502 385 4561 veniat.
410 4495 567 4557 Proierens
583 4497 741 4571 exemplum
758 4498 852 4570 Petri,
875 4499 924 4570 qui
940 4500 1012 4559 adeo
1027 4497 1142 4558 timidus
1158 4496 1253 4571 inerit,
1271 4501 1302 4554 ut
1317 4498 1370 4564 snb
1384 4508 1449 4571 paa-

275 4607 358 4665 sione
374 4603 484 4663 domini
504 4618 574 4663 voee
593 4604 681 4662 etiam
695 4602 870 4661 mulierculae
885 4605 1004 4663 territus
1020 4601 1164 4663 Christum
1179 4602 1374 4677 abnegaverit,
1391 4610 1420 4663 et
1434 4621 1450 4662 e

277 4716 397 4784 contra,
421 4714 546 4782 quantus
566 4708 654 4768 fuerit
677 4708 762 4781 bujm
778 4708 900 4782 apostoli
915 4707 1002 4767 ardor
1016 4710 1045 4766 in
1060 4707 1189 4783 Christo,
1216 4725 1280 4767 eum
1295 4710 1400 4767 virtute
1415 4725 1450 4767 ex

277 4816 336 4875 alto
351 4814 570 4897 indutus'esset,
585 4816 631 4875 ita-
642 4822 676 4873 ut
690 4830 747 4874 uon
762 4814 854 4875 solum
870 4814 1050 4890 negationem
1067 4828 1146 4873 suam
1167 4812 1374 4887 deploraverit,
1400 4814 1450 4873 sed
