3700 5692
874 737 936 802 55=

304 918 436 981 ommltus
451 919 645 981 obedientiam
658 919 736 993 patri
749 923 889 992 prestare
909 920 1030 995 debere,
1054 922 1166 997 utrque,
1191 923 1268 997 quod
1282 927 1366 997 pater
1380 924 1481 985 melius

301 1028 416 1099 noverit
439 1031 470 1085 et
490 1031 673 1101 perspectum
695 1025 817 1099 hebeat,
842 1025 911 1100 qnid
933 1025 992 1085 filio
1014 1029 1107 1100 prosit
1127 1043 1274 1103 aessens,
1298 1046 1384 1102 quam
1406 1028 1481 1090 filins

301 1147 461 1206 agnoscere
475 1136 525 1190 ant
540 1133 614 1190 seire
627 1133 748 1206 ipsemet
761 1133 861 1205 possit.
898 1131 1001 1205 sicque
1018 1135 1047 1190 et
1062 1132 1267 1207 discipulorum
1282 1151 1408 1195 amorem
1422 1153 1479 1198 non

301 1254 340 1296 ex
361 1238 441 1297 omni
459 1241 543 1311 parte
564 1240 710 1312 integrum
729 1235 830 1309 inisse,
854 1238 903 1310 qui
918 1236 1063 1297 Christum
1083 1239 1161 1312 apud
1182 1240 1259 1312 ipsos
1280 1241 1329 1300 hie
1348 1242 1378 1300 in
1400 1247 1479 1300 terra

300 1342 441 1402 mansisse
455 1344 547 1416 magis
562 1350 721 1418 optassent,
737 1360 824 1417 quem
838 1343 876 1402 ad
890 1348 1003 1404 tentum
1015 1344 1116 1406 salutis
1131 1361 1202 1419 opns
1218 1351 1247 1407 et
1261 1347 1383 1420 gloriam
1398 1363 1479 1407 sunm

300 1448 435 1508 nmsire.
473 1450 546 1507 Item
560 1448 636 1510 idem
650 1449 726 1522 fore,
746 1452 772 1510 si
787 1451 851 1524 quis
865 1451 896 1510 in
909 1451 988 1509 lnotu
1004 1452 1041 1511 ob
1055 1451 1164 1511 obitum
1179 1455 1330 1524 parentum
1347 1453 1392 1510 vel
1407 1453 1476 1511 emi-

299 1564 399 1612 eornm
413 1569 538 1613 moerore
553 1571 765 1628 snperveeaneo
779 1557 893 1630 lugeret
907 1556 1197 1632 contristareturqoe,
1220 1557 1302 1629 qussi
1318 1556 1373 1615 illis
1389 1559 1476 1616 vitam

299 1660 460 1719 beatiorem
473 1662 504 1720 in
518 1660 629 1720 eoelesti
643 1663 738 1736 patria
751 1662 889 1722 invideat.
927 1661 1019 1720 Dolor
1037 1663 1124 1735 enim,
1148 1663 1250 1737 inquit,
1273 1663 1309 1722 de
1324 1665 1476 1723 amissione

299 1771 453 1840 parentum
466 1768 513 1826 vel
527 1767 683 1827 amicornm
694 1767 790 1839 jnstns
805 1771 859 1840 est,
874 1782 973 1826 verum
982 1767 1006 1824 is
1016 1783 1083 1826 suas
1098 1772 1188 1826 metas
1199 1767 1296 1842 habet,
1313 1786 1384 1843 qnos
1398 1770 1477 1830 ultra

298 1873 431 1945 citraque
445 1873 545 1946 egredi
559 1889 619 1931 non
634 1874 725 1932 deeet.
748 1872 783 1932 Id
797 1889 911 1946 qnoque
927 1873 1047 1932 notavit.
1070 1872 1225 1932 Dominum
1240 1890 1298 1934 non
1313 1876 1407 1934 verbis
1423 1876 1475 1937 du·
1552 1885 1555 1894 '

298 1977 426 2036 rioribus
433 1995 599 2052 monteses,
615 1979 700 2052 quale
710 1983 754 2037 est
764 1979 922 2052 »momen«,
939 1982 990 2036 eut
1001 1979 1107 2052 simile3
1125 1978 1176 2037 sed
1185 1994 1345 2042 sermonem
1360 1998 1413 2055 per
1428 1999 1475 2042 ex·

297 2083 471 2155 positionem
479 2085 633 2158 mitigasse,
650 2084 767 2158 seilicet,
785 2084 880 2144 »vado
890 2084 1078 2158 adpetrem«,
1095 2084 1168 2142 sient
1178 2084 1285 2142 Paulus
1300 2102 1359 2145 non
1371 2086 1475 2147 dixerit

300 2189 407 2261 »cupio
416 2190 521 2264 mori«,
531 2191 584 2250 sed
594 2189 731 2249 »dissolvi
739 2191 854 2264 cupio«
869 2190 935 2250 Non
946 2194 990 2247 est
999 2189 1074 2248 enim
1081 2204 1129 2247 res
1139 2188 1235 2262 digna,
1241 2191 1346 2263 inquit,
1358 2190 1474 2252 duriore

298 2289 433 2356 oratione
447 2294 483 2354 de
497 2300 588 2355 morte
603 2296 679 2354 inter
694 2295 874 2355 christianos
888 2294 1041 2354 disserere.
1080 2291 1155 2368 Quid
1170 2295 1244 2354 enim
1258 2295 1351 2370 alind,
1370 2297 1473 2372 inquit,

297 2406 343 2470 est
356 2401 446 2475 mori,
469 2417 555 2474 qnam
569 2401 595 2459 si
609 2403 673 2475 quis
687 2417 828 2460 annosum
842 2406 872 2461 et
886 2400 1011 2460 vetnlum
1026 2400 1181 2480 cabellum,
1207 2401 1255 2474 qni
1270 2405 1331 2460 toto
1347 2403 1393 2462 die
1408 2421 1471 2462 enr-

297 2523 363 2566 rnm
377 2507 424 2565 vel
437 2507 534 2581 bigam
549 2507 684 2579 traxerit,
696 2507 758 2580 jam
771 2507 879 2566 lassum
894 2505 949 2567 sub
963 2511 1075 2566 noctem
1090 2507 1195 2582 solvet,
1212 2508 1392 2582 requiescere
1406 2527 1471 2583 per-

296 2613 408 2685 mittat,
429 2613 546 2670 interim
561 2617 591 2670 et
604 2610 742 2686 pabulum
755 2612 798 2670 illi
812 2613 955 2685 prebens.
986 2613 1060 2672 ‘Non
1075 2613 1174 2685 aliter,
1194 2613 1249 2686 ait,
1272 2619 1353 2673 vetus
1374 2621 1472 2678 noster

296 2717 392 2776 Adam
405 2718 437 2776 in
451 2717 519 2791 biga
533 2717 628 2776 earnis
643 2723 820 2776 emaceratos
835 2723 865 2778 et
879 2718 983 2791 enims,
999 2734 1063 2791 quae
1078 2734 1095 2777 e
1108 2721 1240 2793 supernis
1255 2723 1284 2778 et
1303 2721 1333 2779 in
1348 2737 1473 2798 sopenna
1523 2723 1525 2726 ’

295 2823 463 2896 revertitur,
477 2824 509 2881 in
523 2823 669 2897 ergastulo
684 2823 813 2896 eorporis
828 2822 959 2898 detenta,
977 2824 1007 2883 in
1021 2829 1114 2884 morte
1129 2826 1261 2899 solvitur,
1279 2832 1308 2886 et
1321 2832 1390 2886 tune
1404 2843 1472 2887 cero

281 2934 327 2987 ·et
340 2944 409 2987 ossa
423 2930 619 3002 requiescunt,
636 2929 732 2987 anima
747 2943 817 2988 vero
830 2928 923 2988 libere
937 2928 975 2988 ed
989 2930 1104 2989 beatam
1119 2931 1242 3002 patriam
1256 2932 1402 3004 remigrat.
1425 2933 1471 2995 Ad

295 3032 387 3106 hnne,
407 3031 484 3106 infit,
504 3033 621 3094 modum
634 3035 699 3106 pins
718 3039 801 3106 pater
820 3033 943 3094 lamiliss
962 3034 1063 3094 morbo
1083 3034 1248 3096 debilitatus
1268 3035 1317 3096 ubi
1337 3039 1472 3098 sementi

292 3141 354 3213 iam
367 3138 493 3198 monum
507 3138 622 3214 viderit,
637 3140 745 3200 liberos
759 3139 806 3198 vel
819 3140 926 3198 amieos
941 3139 1051 3198 hortari
1065 3141 1112 3199 vel
1126 3143 1268 3201 consolari
1283 3147 1392 3216 posset:
1409 3144 1469 3203 No-

295 3246 348 3304 lite
362 3260 487 3304 moerore
502 3243 587 3318 affici,
599 3262 654 3318 ego
669 3244 743 3308 enim
755 3247 817 3318 jam
832 3244 940 3304 dndnm
954 3245 985 3302 in
998 3244 1053 3304 hoo
1065 3243 1158 3304 stadio
1175 3248 1307 3307 omnendi
1322 3254 1372 3308 ant
1386 3248 1471 3324 hujus

295 3351 410 3410 itineris
424 3367 487 3410 snm
501 3356 651 3423 pertesus.
689 3350 772 3411 Vado
787 3350 825 3409 ad
840 3350 974 3424 quietem,
994 3364 1053 3407 non
1067 3352 1188 3423 mori0r3
1213 3352 1316 3410 ooelnm
1330 3358 1469 3428 repetam,

296 3454 347 3514 nbi
366 3472 479 3530 semper
495 3472 559 3515 enm
574 3455 688 3515 domino
703 3472 754 3516 ero
769 3460 823 3515 ete.
861 3457 914 3514 His
930 3455 1042 3516 eddidit
1056 3453 1092 3513 de
1106 3455 1205 3514 verbis
1218 3454 1338 3530 domini,
1362 3459 1468 3534 dicens,

295 3563 365 3636 qnia
377 3567 463 3635 pater
476 3563 569 3635 maior
582 3577 628 3621 me
643 3567 702 3636 est,
718 3579 754 3622 ex
767 3561 822 3621 hoo
835 3562 899 3620 loeo
913 3560 1037 3622 Arianos
1056 3561 1133 3620 virus
1148 3579 1231 3620 sunm
1245 3568 1396 3637 suxerunt,
1420 3565 1470 3638 qni

295 3664 443 3727 christum
456 3668 488 3726 in
502 3643 627 3742 persona
641 3673 724 3742 patre
738 3669 877 3727 minorem
892 3683 956 3726 esse
971 3664 1191 3727 contendebant.
1228 3667 1285 3728 Sed
1299 3669 1323 3726 si
1338 3667 1467 3728 conside-

294 3777 424 3846 rassent,
439 3772 545 3847 inquit,
561 3774 589 3833 d.
605 3774 726 3834 Paulum
740 3774 779 3833 ad
793 3773 991 3847 Philippenses
1008 3775 1042 3846 3,
1058 3773 1177 3846 aequalis
1192 3772 1255 3834 Deo
1270 3772 1363 3834 forma
1378 3779 1422 3834 est
1436 3780 1469 3836 ut

294 3878 380 3938 homo
394 3880 465 3952 ete,
482 3879 609 3954 allegans
624 3885 654 3940 et
667 3881 761 3940 loenm
775 3878 803 3937 d.
819 3879 913 3954 Petri,
937 3879 1096 3952 symbolum
1111 3895 1225 3954 qnoque
1235 3879 1401 3955 Athanasii,
1418 3882 1467 3956 qui

294 3983 332 4044 de
348 3982 465 4044 Christe
479 3986 530 4059 ait,
546 3987 664 4060 equalis
679 3988 755 4060 patri
765 3987 849 4059 juxta
866 3984 1054 4059 divinitatem,
1069 3985 1162 4044 minor
1177 3989 1260 4058 patre
1270 3987 1355 4060 jnxta
1368 3988 1468 4047 huma-

294 4091 416 4150 nitatem
429 4094 485 4157 ete.
507 4091 570 4152 Nee
584 4098 637 4166 est,
652 4092 754 4165 inquit,
769 4089 844 4149 lilius
854 4089 984 4149 Christus
1000 4105 1053 4148 nee
1067 4091 1097 4150 in
1112 4091 1170 4150 dno
1184 4090 1301 4166 divisus,
1317 4093 1368 4152 sed
1382 4109 1467 4152 verus

293 4197 374 4257 Dens
391 4197 519 4256 ethome
535 4214 628 4257 verus.
660 4198 740 4258 Sient
755 4197 791 4258 de
806 4196 869 4257 Deo
884 4200 968 4271 patre
984 4195 1080 4256 dioere
1095 4210 1257 4268 possumus:
1274 4197 1363 4256 Pater
1378 4203 1422 4256 est
1436 4199 1467 4258 in

293 4302 379 4375 eoe10,
394 4306 478 4376 pater
492 4304 582 4362 estin
595 4305 690 4362 terris.
716 4303 801 4375 Quod
814 4308 966 4376 unumque
981 4318 1080 4360 verum
1095 4305 1148 4360 est.
1178 4301 1252 4358 Nem
1267 4302 1362 4358 anima
1376 4302 1467 4374 patris

293 4385 428 4484 incisio,
452 4426 556 4484 corpas
575 4427 644 4471 vero
664 4412 695 4470 in
713 4410 801 4470 terris
815 4414 868 4468 est.
906 4407 946 4466 At
962 4407 998 4466 de
1019 4407 1063 4465 his
1079 4421 1110 4464 se
1124 4405 1294 4464 lucelentius
1314 4403 1353 4463 ad
1365 4400 1467 4464 leriam

294 4519 406 4574 sextam
428 4514 571 4574 dietnrnm
596 4516 736 4588 promisit,
773 4517 828 4575 Est
846 4516 921 4575 enim
941 4513 1088 4573 Musonlus
1108 4509 1261 4568 verborum
1280 4510 1388 4570 domini
1408 4511 1465 4570 ele·

295 4620 478 4693 gantissimns
493 4620 687 4699 dispensator,
712 4622 760 4694 qui
775 4637 828 4679 nee
843 4638 930 4679 unum
941 4621 1005 4692 jota
1019 4618 1065 4676 vel
1080 4616 1198 4689 apicem,
1222 4631 1258 4676 ne
1275 4616 1367 4676 dicam
1383 4632 1467 4675 roen-

295 4723 353 4783 lam
367 4725 547 4785 inexenssam
561 4724 705 4799 relinquit.
735 4723 889 4787 Confirmet
902 4726 933 4784 in
947 4725 1009 4798 ipso
1024 4722 1164 4795 dominus,
1182 4721 1259 4794 qnod
1273 4728 1408 4795 operatus
1423 4727 1467 4782 est

296 4833 326 4889 in
347 4845 391 4890 eo.
556 4837 561 4844 “
