3700 5692
966 696 1034 761 tls

410 884 482 943 elios
496 896 626 956 quarere
641 885 749 955 prater
763 894 814 939 eos
828 894 901 954 qnos
915 878 996 939 Deus
1006 878 1127 952 jusserit
1140 877 1244 951 cultus,
1256 880 1283 939 si
1295 885 1439 953 pestem
1452 885 1563 940 nestun

411 994 441 1049 et
462 989 547 1045 vitem
567 1002 665 1045 veram
688 984 832 1044 Christum
852 1000 910 1043 non
932 984 1148 1059 agnoverimus,
1171 984 1198 1041 si
1218 1000 1278 1043 non
1296 985 1380 1058 juxta
1400 984 1484 1058 huJus
1503 1001 1564 1057 pre·

413 1092 536 1166 cepteris
556 1090 685 1164 regulam
703 1090 781 1163 juste
804 1094 833 1147 et
854 1090 901 1161 pie
927 1090 1024 1147 rivere
1045 1087 1240 1147 voluerimus?
1278 1088 1345 1149 Non
1367 1090 1457 1164 enim,
1478 1090 1565 1165 iuquit,

411 1197 512 1271 religio
528 1195 683 1253 christiana
697 1194 727 1253 in
749 1195 839 1253 cereis
858 1192 1027 1253 ardentibus
1046 1198 1077 1253 et
1094 1193 1191 1253 nescio
1211 1193 1325 1269 quibus,
1349 1200 1382 1254 nt
1400 1210 1476 1255 nnnc
1493 1195 1567 1267 digh-

413 1302 537 1374 diantnr,
560 1299 741 1372 ceremoniis,
766 1298 947 1359 unctionibus
968 1305 998 1357 et
1020 1299 1082 1371 ejus
1101 1313 1175 1357 cera
1189 1296 1318 1359 futilibus
1340 1304 1372 1359 ct
1392 1299 1496 1359 nullius
1513 1317 1568 1359 usus

412 1408 507 1480 rebus,
531 1410 583 1465 aut
596 1405 654 1465 aris
669 1403 755 1477 bysso
770 1407 800 1461 et
814 1418 944 1478 purpura
959 1402 1100 1463 distinctis
1118 1418 1153 1461 ac
1171 1404 1248 1462 rasis
1267 1405 1374 1479 aureis,
1398 1406 1569 1479 argenteiset

414 1512 560 1573 timoratis
575 1510 630 1569 sita
650 1513 702 1569 est.
732 1506 807 1567 Nam
827 1507 852 1565 si
865 1507 930 1567 hoec
948 1508 988 1567 ad
1006 1508 1175 1583 religionem
1193 1503 1331 1582 iacerent,
1355 1509 1515 1569 hahuerunt
1531 1509 1570 1569 Ju-

415 1616 470 1676 dsei
484 1615 574 1674 multe
588 1614 673 1689 plura
688 1613 724 1672 de
738 1612 783 1671 his
798 1611 894 1687 reboo,
918 1628 1005 1687 quam
1020 1613 1121 1686 nostri,
1145 1618 1175 1672 et
1193 1612 1393 1675 Mahometani
1407 1615 1492 1689 longe
1505 1630 1570 1687 euru,

413 1722 510 1796 bysso,
534 1734 671 1793 purpura,
695 1720 825 1791 argento,
848 1718 1001 1777 unionibus
1016 1721 1046 1777 et
1059 1719 1176 1793 gemmis
1191 1718 1222 1777 in
1240 1735 1293 1778 suo
1307 1718 1496 1781 mahometica
1508 1720 1572 1779 calu
1631 1705 1632 1756 ἶ

414 1841 467 1884 nes
481 1827 628 1898 superant.
659 1821 721 1880 Nec
740 1820 903 1894 hujusmodi
923 1824 1025 1883 naenia
1043 1823 1091 1883 rel
1109 1823 1147 1883 ad
1167 1824 1318 1883 veritatem
1337 1826 1522 1885 christianam
1538 1823 1574 1881 rel

414 1930 452 1990 ad
465 1928 614 2003 religionis
628 1927 777 1999 negocium
792 1927 948 1999 quidquam
965 1926 1084 1988 faciunt.
1115 1930 1222 1989 Verum
1242 1929 1268 1987 si
1287 1930 1326 1990 ad
1340 1929 1439 1991 Deum
1457 1932 1572 1997 invocare

416 2036 483 2093 dum
498 2030 584 2093 iidem
604 2030 793 2091 indubitatem
808 2036 838 2089 et
857 2031 1029 2092 uhamtatem
1049 2050 1119 2108 erga
1135 2034 1228 2094 Deum
1247 2042 1278 2095 et
1296 2036 1461 2109 proximum
1479 2034 1574 2095 adiera-

415 2155 478 2197 mins
492 2136 629 2197 incientes
649 2133 771 2195 fructum
792 2136 907 2208 bonnm,
931 2154 989 2211 quo
1008 2140 1100 2213 patris
1122 2140 1264 2215 voluntas,
1287 2157 1352 2214 quae
1372 2158 1429 2216 per
1449 2141 1574 2202 Christum

414 2244 498 2305 nohis
513 2242 659 2317 patefacta
679 2248 731 2316 est,
754 2246 921 2317 peragatur,
944 2247 978 2304 ut
997 2243 1061 2305 Deo
1081 2245 1113 2303 in
1128 2245 1210 2306 nobis
1229 2262 1283 2320 per
1297 2244 1447 2305 Christum
1466 2262 1516 2305 ena
1528 2245 1575 2318 glo

415 2351 460 2408 ria
473 2349 613 2422 obtingat,
637 2352 678 2420 nt,
702 2347 796 2419 inquit
810 2345 952 2421 dominus,
976 2346 1139 2408 efficiamini
1153 2348 1286 2423 discipuli
1300 2351 1367 2410 mei.
1399 2351 1486 2425 Quid,
1498 2349 1575 2421 inquit

406 2453 580 2526 Masculus,
603 2451 666 2511 haee
690 2449 745 2511 sibi
767 2452 855 2511 rerba
877 2453 998 2515 volunt?
1035 2454 1195 2528 Numquid,
1219 2454 1258 2513 ad
1280 2471 1352 2527 quos
1377 2455 1508 2515 dominns
1527 2456 1575 2512 hac

416 2559 504 2618 verba
525 2557 706 2630 loquebatur,
730 2556 791 2629 ejus
814 2562 897 2615 erant
919 2557 1071 2631 discipuli?
1101 2560 1196 2619 Erant
1216 2557 1357 2632 profecte.
1393 2558 1472 2619 Nam
1491 2558 1575 2619 delle

416 2662 500 2721 dixit:
519 2662 602 2734 «Ego
617 2677 668 2719 vos
683 2661 766 2735 elegi,
781 2678 832 2721 vos
847 2668 944 2721 autem
958 2679 1004 2723 me
1019 2681 1078 2723 non
1092 2664 1250 2737 elegistis«
1282 2664 1369 2725 itanu
1391 2666 1472 2725 «Vos
1486 2664 1575 2724 vocatis

415 2784 462 2825 me
477 2767 644 2841 magistrum
659 2771 689 2823 et
704 2766 856 2841 dominum,
880 2774 910 2827 et
924 2774 1002 2827 recte
1018 2768 1122 2843 dicitis,
1137 2786 1200 2828 sum
1215 2770 1340 2829 etenim«
1359 2776 1417 2830 etc.
1450 2770 1539 2841 Oeno,
1557 2767 1576 2824 si

416 2873 458 2930 sic
479 2888 516 2943 se¹
533 2886 581 2929 res
602 2870 703 2945 habet,
728 2888 826 2931 omnes
848 2871 983 2948 discipuli
1005 2872 1110 2933 Christi
1134 2879 1226 2934 erant.
1263 2875 1337 2933 Erat
1361 2892 1480 2949 quoque
1501 2872 1576 2934 Judas

415 2976 588 3039 ischariotes
604 2975 760 3049 discipulus
775 2975 882 3036 domini
896 2984 951 3037 etc.
981 2978 1039 3038 Sed
1052 2979 1078 3036 si
1092 2979 1150 3037 elia
1165 2980 1309 3065 estlratio,
1332 2980 1416 3052 quod
1436 2982 1487 3054 ait,
1509 2977 1576 3037 disei-

417 3082 478 3155 pnli
496 3081 552 3139 mei
572 3076 725 3154 efficimini,
748 3079 804 3141 hoc
823 3088 875 3156 est,
898 3082 1032 3157 palmites
1051 3084 1083 3141 in
1102 3084 1161 3142 rite
1181 3090 1355 3158 permanete,
1380 3083 1505 3143 fructum
1517 3082 1576 3141 terte

417 3190 472 3245 etc.
509 3184 550 3245 Et
571 3186 666 3244 multis
687 3186 735 3243 hic
756 3184 792 3245 de
815 3184 977 3262 discrimine
1000 3188 1204 3262 discipulorum
1225 3187 1335 3262 docuit,
1360 3189 1398 3249 de
1420 3190 1458 3248 iis
1477 3189 1576 3257 mihcst
1632 3211 1633 3238 ι

417 3291 510 3365 quiin
525 3308 598 3364 pura
613 3290 744 3351 doctrina
759 3290 865 3351 Christi
883 3299 1054 3365 permanent
1072 3299 1103 3353 et
1122 3294 1272 3353 veritatem
1286 3294 1484 3368 evangelicam
1497 3293 1578 3353 ament
1632 3361 1633 3370 ,

415 3414 451 3457 ao
465 3413 552 3471 opere
566 3397 684 3470 implere
704 3403 853 3471 moenum,
877 3404 906 3457 ct
927 3400 963 3458 de
983 3400 1028 3473 iis,
1051 3400 1100 3473 qui
1118 3401 1225 3474 optime
1239 3398 1355 3473 quidem
1374 3399 1416 3459 de
1434 3396 1576 3471 Evangelio
1632 3449 1633 3484 ,

416 3500 594 3575 labulantur,
618 3502 670 3562 sed
693 3502 858 3576 impiissime
880 3504 1021 3563 victitant.
1059 3504 1132 3563 Item
1154 3504 1191 3564 de
1214 3504 1339 3577 Papistis
1363 3508 1395 3562 et
1419 3500 1576 3563 adversariis
1632 3499 1633 3512 ¹

415 3605 506 3680 verbi,
529 3609 599 3667 item
613 3607 649 3667 de
668 3608 755 3667 variis
774 3607 952 3681 respectibus
971 3610 1003 3666 in
1017 3607 1171 3684 chriam
1194 3613 1224 3668 et
1244 3607 1387 3680 quemodo
1403 3609 1455 3668 alii
1469 3604 1575 3668 aliudin

416 3710 529 3771 Christo
552 3717 697 3787 querant,
721 3714 770 3773 alii
791 3728 844 3770 sua
864 3714 1027 3788 commoda,
1051 3715 1100 3773 alii
1120 3716 1259 3788 honores,
1282 3714 1333 3773 alii
1353 3716 1536 3773 autoritatem
1553 3712 1575 3767 ci

415 3832 475 3875 suae
496 3817 690 3891 sycophantia
711 3818 889 3892 operculum,
912 3824 1102 3893 etpostremo
1121 3818 1208 3877 dixit:
1231 3819 1271 3877 Et
1290 3818 1360 3891 quid
1379 3817 1496 3881 dicam?
1520 3817 1575 3877 Non

415 3925 460 3979 est
474 3922 505 3977 in
520 3920 661 3980 universis
676 3924 822 3983 sanctitas.
853 3922 997 3999 Utrinque
1019 3941 1055 3983 ex
1075 3924 1255 3998 omniparis
1274 3924 1402 3997 quotidie
1423 3919 1574 3996 nobisipsis

414 4025 530 4099 pejores
545 4023 700 4085 evadimus.
731 4028 913 4104 Quapropter
932 4031 1021 4089 vitam
1041 4029 1221 4090 emendemus
1236 4034 1265 4088 et
1285 4045 1420 4103 rogemus
1435 4030 1572 4095 dominum

414 4135 446 4189 ut
460 4130 602 4205 propitius
624 4146 676 4191 nos
697 4138 854 4207 convertat,
879 4146 936 4206 qno
954 4135 986 4192 in
1005 4135 1063 4193 vite
1081 4150 1152 4194 vera
1169 4133 1280 4193 huctus
1300 4134 1405 4193 uberes
1425 4133 1501 4193 ferre
1518 4144 1571 4205 pes·

414 4236 512 4295 simus.
543 4236 616 4295 item
630 4236 707 4311 quod
726 4242 821 4296 textus
841 4238 941 4299 habet:
967 4240 1047 4299 Sicut
1065 4239 1165 4299 dilexit
1182 4255 1228 4297 me
1242 4245 1326 4313 pater
1341 4243 1406 4313 etc,
1431 4237 1462 4297 id
1476 4232 1572 4297 tametsi

414 4342 545 4403 videatur
565 4344 595 4401 in
615 4343 763 4415 preterito
784 4342 898 4417 dictum,
922 4349 1020 4403 tamen
1037 4345 1188 4417 praesentis
1205 4343 1284 4403 modi
1296 4343 1344 4403 hic
1363 4344 1456 4418 accipi
1472 4341 1570 4408 debere,

414 4451 501 4520 atque
523 4447 577 4506 hoc
600 4446 635 4505 de
659 4448 820 4508 hebraismo
843 4453 872 4507 et
894 4449 993 4523 phrasi
1016 4449 1152 4509 hebraica
1175 4450 1322 4524 disseruit,
1350 4452 1473 4509 innuens
1493 4448 1571 4505 Deum

413 4556 526 4624 patrem
540 4568 654 4626 semper
668 4550 757 4611 lilium
773 4553 900 4627 diligere,
925 4554 966 4611 sic
980 4559 1011 4613 et
1026 4554 1260 4628 Christum-suos,
1282 4556 1306 4613 si
1321 4556 1352 4613 in
1367 4555 1517 4615 dilectione
1528 4562 1570 4609 sue

416 4657 637 4728 permanserint,
661 4671 774 4729 semper
788 4672 886 4717 amare
902 4663 955 4717 eto.
1339 4723 1342 4730 ,

504 4757 612 4815 Eadem
631 4758 849 4836 landtgravium,
874 4778 938 4836 qnae
959 4764 1098 4836 perendie
1117 4765 1184 4825 hinc
1205 4762 1371 4839 proiectura
1391 4770 1464 4839 erat,
1485 4757 1567 4823 invisi·
