3700 5692
284 906 447 984 lbidericb,
467 908 559 970 sitscn
572 907 625 969 uir
638 908 694 984 hir,
717 907 796 969 vnnd
809 906 919 969 redens
934 924 991 969 von
1006 906 1179 967 scblecbtem
1193 905 1297 967 wohun
1312 904 1367 965 Iun
1383 903 1460 967 solli-

283 1015 380 1075 chcnn
393 1013 533 1074 sacbenm
551 1014 590 1075 So
604 1014 680 1073 seint
688 1014 740 1073 wir
754 1012 891 1074 wabrlich
902 1012 1066 1072 sobuerlich
1080 1012 1138 1071 hie.
1167 1012 1215 1093 Ad
1228 1010 1461 1072 baeoFridaricus

282 1127 369 1179 torve
382 1118 529 1179 Eubulum
543 1118 658 1178 intuens
673 1123 703 1177 ιι
716 1118 872 1177 autoritate
886 1132 940 1175 sua
963 1114 1000 1191 (si
1016 1116 1070 1175 diis
1085 1114 1192 1192 placet)
1213 1132 1282 1177 usus
1296 1110 1458 1190 respondit:

282 1224 347 1285 Her
362 1222 475 1298 Grere,
495 1223 549 1283 wir
569 1222 665 1283 baben
680 1238 737 1283 von
751 1222 805 1281 der
818 1222 902 1282 Rom.
917 1220 992 1295 lley.
1007 1220 1147 1295 blujcstst
1165 1220 1359 1281 austrucklich
1372 1220 1459 1279 bers·

283 1327 358 1402 ιιι,
381 1328 436 1387 das
457 1326 505 1387 die
520 1326 749 1399 (lohoqueutenn
767 1326 881 1386 sollcnn
898 1324 1019 1385 Rcdenn
1039 1323 1118 1384 vnnd
1139 1324 1218 1385 nicbt
1233 1324 1278 1385 die
1293 1324 1459 1385 auditorum.

283 1432 349 1491 lloc
364 1431 483 1493 oraculo
496 1431 627 1491 Eubulus
642 1431 800 1505 perculsus,
816 1430 899 1505 quasi
914 1444 950 1488 ex
964 1429 1078 1504 tripode
1092 1427 1236 1503 Apollinis
1250 1427 1390 1505 prolecto,
1406 1428 1457 1490 cb-

282 1537 378 1596 n‘cnit
417 1535 512 1596 Labie
523 1536 614 1610 igitur
627 1534 746 1611 premit,
761 1535 829 1594 licet
842 1534 985 1611 Bucerns,
1002 1536 1078 1611 Zog,
1096 1532 1277 1610 Schneptius,
1293 1533 1460 1613 Gultlingeu

283 1639 379 1699 noemi
400 1640 519 1715 collegis
543 1644 660 1699 suenus
679 1640 794 1700 Eubulo
815 1640 911 1699 calcar
934 1638 1041 1701 addere
1062 1641 1247 1715 satagebant,
1271 1645 1305 1699 ut
1329 1640 1459 1714 apertius

284 1761 349 1805 cum
362 1746 467 1805 comite
481 1744 632 1805 Friderico
646 1745 678 1803 in
690 1744 828 1805 hereum
842 1743 1039 1820 descenderet,
1055 1760 1154 1805 verum
1169 1750 1200 1804 ιι
1212 1745 1276 1805 loco
1291 1748 1321 1805 et
1335 1742 1460 1819 tempori

283 1850 380 1909 oessit
419 1849 465 1907 lle
478 1854 575 1908 tamen
588 1848 768 1909 bridericum
783 1850 829 1909 vel
846 1850 964 1924 timere,
988 1849 1034 1909 vel
1048 1850 1118 1908 mibi
1139 1850 1196 1924 ipsi
1210 1849 1246 1909 de
1260 1851 1311 1924 iis,
1336 1861 1401 1924 quae
1415 1849 1459 1909 illi

284 1953 430 2029 dixeram,
454 1952 530 2013 male
545 1956 675 2014 conscius
688 1954 818 2029 viderer,
843 1954 890 2015 vel
908 1954 952 2013 illi
967 1968 1026 2012 non
1045 1953 1147 2014 habita
1162 1934 1307 2029 dignitatis
1322 1970 1394 2013 mese
1408 1971 1458 2014 ra·

282 2060 374 2131 tione,
388 2058 512 2119 maxime
525 2060 557 2119 in
571 2074 605 2118 re
618 2064 679 2119 tam
691 2061 770 2119 seria
783 2058 908 2133 palmam
921 2058 1051 2118 tribucre
1064 2056 1238 2134 inculparer,
1253 2062 1319 2132 post
1334 2059 1459 2119 solutum

284 2178 450 2223 consessum
470 2167 551 2221 recto
564 2164 658 2235 ipsum
676 2162 750 2237 adii,
769 2163 839 2222 licet
851 2164 976 2223 voluerit
989 2163 1136 2225 declinare
1150 2164 1240 2238 viam,
1263 2163 1378 2223 dicens:
1393 2162 1455 2224 Do·

284 2269 363 2327 mine
375 2254 535 2344 l'riderice,
550 2272 629 2327 certe
642 2267 716 2328 male
729 2285 775 2327 me
789 2268 891 2344 babet,
915 2269 994 2343 quod
1007 2269 1146 2343 hispanus
1160 2268 1266 2328 nebulo
1281 2274 1340 2327 tam
1353 2266 1457 2328 frivole

284 2377 315 2431 et
327 2371 452 2432 ridicule
464 2372 502 2433 de
516 2389 549 2433 re
562 2376 623 2433 tam
636 2377 745 2447 sancta,
760 2371 817 2434 tide
831 2381 932 2435 nostre
946 2375 1111 2449 christiana,
1126 2374 1262 2447 loquitur.
1298 2372 1339 2433 nt
1352 2372 1456 2433 Fride·

282 2476 377 2551 ricus,
401 2481 437 2536 ιιι
449 2482 575 2538 astutam
589 2478 643 2538 sub
656 2483 775 2553 pectore
789 2478 904 2552 vulpem
925 2480 1013 2553 tegit,
1034 2494 1195 2539 sermonem
1216 2483 1346 2538 nostrum
1365 2478 1455 2537 inter·

281 2597 434 2656 rumpens,
454 2577 602 2658 Profecto,
627 2586 683 2658 ait,
703 2584 743 2642 mi
756 2582 872 2644 domine
885 2599 999 2657 comes,
1014 2600 1086 2657 rogo
1100 2588 1134 2642 ut
1147 2583 1217 2642 mihi
1229 2582 1285 2642 hoc
1298 2581 1453 2644 condonas.

281 2686 368 2759 Quod
381 2687 458 2747 euim
473 2687 546 2763 dixi,
571 2704 608 2747 ex
626 2688 741 2749 ratione
760 2686 848 2749 officii
861 2686 933 2747 mibi
946 2688 1128 2748 incumbebat
1143 2688 1252 2763 dicere,
1277 2688 1456 2763 potissimum

281 2793 352 2866 quia
365 2806 450 2850 sacra
463 2807 592 2851 cesarm
605 2793 742 2866 majestm
757 2793 834 2855 serio
847 2792 906 2853 buc
919 2793 1102 2869 perscripsit,
1126 2808 1163 2852 ne
1182 2794 1330 2853 auditores
1350 2795 1382 2851 iu
1396 2792 1454 2852 col·

280 2898 381 2972 loquio
394 2897 475 2971 loqui
489 2901 728 2972 permitteremus.
766 2898 825 2959 Sed
839 2902 865 2959 si
880 2900 927 2959 cni
941 2915 978 2959 cx
996 2898 1177 2959 auditoribus
1197 2914 1260 2957 cum
1274 2897 1453 2972 praesidcnti-

281 3004 339 3065 bus
352 3019 402 3063 res
417 3003 468 3078 sit,
490 3004 516 3063 is
535 3003 723 3077 presidentes
741 3003 780 3065 ad
793 3011 906 3079 partem
921 3004 967 3083 (nt
986 3006 1048 3078 ipse
1063 3004 1244 3077 loquebatur,
1267 3018 1335 3063 nam
1349 3008 1379 3062 ct
1392 3002 1456 3061 baec

280 3124 339 3168 uox
352 3108 442 3169 modo
455 3108 556 3182 latina,
571 3106 657 3168 modo
672 3108 836 3182 germanica
857 3108 915 3184 ιιι)
938 3109 1112 3185 alloquatur.
1150 3110 1291 3170 Brevibus
1310 3125 1378 3183 ergo
1392 3109 1454 3169 Eu·

279 3212 365 3272 bulns
379 3213 543 3286 respondit:
564 3212 609 3272 Mi
629 3212 742 3273 domine
756 3212 913 3287 Friderice,
937 3230 1009 3288 rogo
1025 3212 1138 3273 etmihi
1152 3216 1266 3273 veniam
1281 3213 1342 3274 des.
1379 3214 1455 3273 Nam

278 3332 328 3376 res
344 3315 381 3377 de
396 3333 485 3392 prora
499 3322 530 3377 et
542 3318 634 3392 puppi
651 3316 800 3391 religionis
820 3323 927 3377 nosne
950 3321 980 3376 ιι
993 3317 1143 3391 negocium
1156 3315 1264 3375 domini
1277 3317 1370 3376 nostri
1382 3316 1403 3375 J
1403 3332 1454 3375 esu

281 3419 391 3491 Christi
405 3426 436 3481 et
449 3422 550 3482 salutis
564 3428 672 3481 nostre
687 3423 791 3497 egitm,
808 3427 838 3481 et
851 3426 1006 3496 persancte
1021 3425 1177 3495 contestor,
1193 3435 1247 3493 ego
1259 3420 1321 3494 jam
1333 3418 1383 3477 bic
1397 3436 1454 3493 ago

279 3530 382 3599 partes
396 3526 534 3600 principis
548 3526 680 3600 bominis,
702 3526 727 3585 si
742 3528 807 3601 quis
820 3526 907 3599 huius
922 3528 953 3584 iu
967 3524 1023 3584 hcc
1036 3523 1180 3597 colloquio
1194 3525 1287 3585 minus
1300 3524 1453 3585 honestam

277 3630 455 3690 mentionem
468 3627 587 3705 iaceret,
602 3645 662 3689 non
675 3609 789 3705 possem
804 3630 880 3690 bono
895 3630 1042 3691 stomacho
1056 3628 1206 3705 devorare,
1223 3647 1280 3705 quo
1294 3630 1386 3703 magis
1400 3644 1452 3688 ne·

277 3732 347 3793 furii
361 3734 440 3793 illius
454 3732 577 3807 Hispani
590 3733 681 3795 rerba
694 3736 821 3795 animum
834 3752 929 3795 meum
943 3736 1019 3796 mule
1033 3732 1169 3795 afficiant.
1199 3736 1308 3795 Verum
1322 3731 1451 3794 Frideri-

277 3854 328 3898 cus
347 3840 445 3898 nescio
468 3839 540 3911 qnid
562 3856 617 3914 pro
636 3855 716 3899 more
740 3840 834 3901 anhco
860 3857 956 3901 secum
978 3842 1131 3901 mussitans
1151 3839 1291 3900 honorem
1314 3838 1453 3900 exhibens

277 3943 467 4017 dextramque
480 3944 624 4018 praebens,
645 3948 732 4019 atque
746 3945 789 4003 ite
803 3960 839 4003 ex
852 3945 915 4004 loco
938 3946 1073 4021 colloquii
1088 3945 1199 4006 abitum
1214 3949 1267 4005 cst
1298 3944 1356 4006 Sed
1370 3947 1453 4007 testis

275 4047 348 4107 mibi
362 4033 604 4135 καρδιογνώστης
622 4048 673 4107 ille
692 4048 824 4108 dominus
844 4050 875 4107 in
895 4049 941 4110 die
961 4049 1012 4111 illa
1030 4067 1137 4125 magua
1150 4050 1259 4111 domini
1273 4052 1365 4111 noemi
1379 4050 1399 4111 J
1400 4032 1452 4111 esu

275 4150 396 4227 Christi,
410 4168 468 4227 quo
483 4153 580 4213 animo
593 4152 760 4214 Ratisbonae
780 4151 844 4213 haec
857 4161 939 4228 gesta
952 4156 1024 4230 siut,
1040 4156 1090 4230 qui
1105 4155 1192 4216 dubio
1207 4155 1309 4231 procul
1322 4155 1452 4215 omnibus

274 4257 421 4333 ostendet,
437 4274 503 4332 que
517 4258 563 4319 vel
576 4274 739 4333 perperam,
755 4258 802 4318 rel
814 4257 952 4319 insidiose
967 4260 1005 4320 ab
1020 4260 1151 4335 umbone
1166 4260 1247 4335 diota
1256 4264 1332 4320 sunt.

366 4361 591 4436 christophorus
613 4368 644 4423 et
657 4362 808 4438 Philippus
822 4362 901 4423 Seldi
915 4368 999 4438 patre
1014 4365 1076 4424 cive
1098 4363 1281 4437 Augustano,
1307 4361 1357 4435 qni
1371 4362 1450 4423 auri·

273 4464 391 4527 labrum
405 4468 504 4540 gessit,
521 4472 552 4526 et
565 4473 657 4527 matre
667 4484 708 4534 „ex
722 4468 851 4541 eiusdem
864 4466 971 4542 opificii
993 4471 1113 4541 parente
1128 4472 1282 4541 procreata
1296 4468 1359 4526 nati
1373 4472 1450 4529 sunt

274 4570 321 4631 0b
334 4569 503 4632 felicitatem
520 4587 592 4634 vero
611 4573 721 4647 ingenii
743 4572 955 4633 aRaiemundo
969 4571 1104 4647 Fuggero
1125 4570 1208 4629 unice
1232 4570 1358 4631 adamati
1372 4576 1451 4645 sunt,

273 4677 339 4749 ejus
354 4692 471 4751 quoque
490 4693 581 4751 opera
600 4681 630 4737 et
649 4677 802 4753 impensis,
826 4658 1016 4754 posteaquam
1034 4676 1173 4751 Auguste
1194 4676 1288 4749 prima
1310 4658 1451 4735 elementa

273 4782 439 4845 baernum
452 4781 666 4859 addidicerant,
688 4782 823 4859 Lugduni
837 4782 967 4843 Francia
988 4781 1019 4841 in
1041 4780 1206 4842 doctoratus
1224 4779 1365 4841 honorem
1384 4796 1449 4857 pro

1161 4887 1202 4944 10
1219 4883 1236 4918 *
