3700 5692
967 756 1029 821 126

412 944 499 1014 utque
514 956 549 998 ea
564 955 627 1013 quae
646 943 806 998 statuerent
826 940 882 1013 ipsi
901 941 983 1013 prius
1003 940 1156 1000 observent
1176 955 1211 999 ac
1226 940 1310 1014 juxta
1330 936 1511 997 Claudianum
1529 938 1565 997 di-

413 1052 493 1105 scant
508 1046 568 1121 pati
589 1062 673 1119 quam
693 1044 813 1105 tulerint
831 1044 931 1119 legem.
969 1046 1009 1104 At
1027 1046 1093 1106 vide
1113 1046 1254 1119 quomodo
1276 1044 1405 1104 Christus
1424 1042 1567 1103 obediverit

413 1153 497 1225 patri.
528 1151 634 1210 Factus
650 1155 694 1208 est
710 1152 784 1208 enim
800 1150 936 1210 obediens
951 1168 1041 1225 usque
1061 1151 1099 1210 ad
1118 1157 1249 1226 mortem,
1271 1157 1391 1210 mortem
1405 1154 1498 1208 autem
1512 1166 1567 1207 cru-

413 1258 461 1315 cis.
492 1257 581 1329 qune
602 1254 709 1314 factum
731 1271 793 1314 esse
814 1254 850 1315 ob
871 1271 934 1314 eam
955 1274 1038 1329 quam
1059 1272 1129 1330 erga
1150 1262 1260 1331 patrem
1282 1261 1311 1316 et
1330 1273 1382 1316 nos
1403 1255 1568 1315 dilectionem

411 1362 519 1421 babuit.
542 1363 650 1420 Verum
665 1362 820 1435 praeceptio
836 1367 866 1420 et
880 1362 1010 1420 executio
1026 1360 1225 1422 mandatorum
1240 1379 1297 1421 non
1313 1365 1356 1421 est
1370 1378 1457 1421 causa
1472 1359 1568 1428 salutis,

411 1467 462 1525 sed
477 1469 573 1541 potius
589 1466 719 1525 custodia
733 1466 865 1539 quadem
880 1466 1037 1540 charitatis,
1062 1469 1130 1541 quia
1149 1466 1228 1527 Deus
1248 1483 1300 1526 nos
1321 1468 1351 1525 in
1366 1464 1426 1527 filio
1446 1480 1496 1524 suo
1510 1464 1570 1523 Jesu

412 1577 441 1631 et
455 1578 608 1645 antequam
623 1588 807 1631 nasceremur
822 1572 929 1631 dilexit.
966 1572 1049 1645 Quod
1069 1579 1163 1633 autem
1183 1572 1314 1633 dominus
1329 1573 1449 1647 jusserit
1468 1586 1570 1629 manere

411 1677 441 1734 in
457 1676 609 1735 dilectione
623 1692 685 1749 sua,
708 1691 767 1736 non
781 1683 887 1750 praeter
906 1694 967 1736 rem
987 1678 1102 1751 dictum,
1128 1680 1195 1752 quia
1215 1677 1342 1737 videmus
1363 1692 1449 1749 quam
1469 1670 1571 1733 difficile

412 1781 458 1853 sit,
482 1783 507 1839 si
521 1782 551 1839 iu
570 1782 624 1840 hoc
643 1782 748 1842 mundo
769 1784 799 1841 in
817 1783 937 1858 alicujus
959 1784 1111 1843 amcitiam
1131 1782 1213 1842 asciti
1236 1782 1332 1854 dinus,
1357 1796 1422 1840 eam
1444 1782 1571 1854 integram

411 1901 527 1944 servare
543 1892 572 1946 et
586 1902 622 1945 ne
643 1886 805 1945 excidamus
826 1905 936 1963 cavere,
960 1889 1017 1949 tale
1039 1888 1183 1948 adducens
1200 1886 1369 1961 exemplum.
1401 1886 1458 1959 En,
1482 1886 1570 1959 inquit,

411 1981 514 2064 siquis
528 1991 734 2064 paterfamilias
749 2010 870 2067 puerum
884 1994 915 2052 in
929 1995 1032 2067 plateis
1048 1996 1201 2065 errantem,
1224 1992 1328 2051 laceris
1349 1990 1486 2064 vestibus,
1508 1988 1572 2048 fame

411 2103 594 2170 maceratum,
617 2096 713 2155 scabie
733 2114 846 2172 quoque
865 2096 963 2160 forsan
981 2100 1170 2173 laborantem,
1195 2096 1244 2171 qni
1263 2096 1369 2156 nullius
1389 2096 1468 2170 frugi
1487 2096 1572 2155 videa

411 2208 472 2277 tur,
496 2207 663 2275 conspectus
685 2200 774 2261 fuerit
796 2210 825 2262 et
846 2204 924 2263 bunc
945 2207 975 2264 in
999 2204 1113 2265 domum
1136 2220 1216 2264 suam
1239 2202 1385 2262 adducens
1409 2218 1503 2262 secum
1530 2198 1572 2257 filii

410 2307 473 2366 loco
488 2308 588 2368 sedulo
603 2309 725 2367 enutriri
744 2308 862 2381 curarit,
886 2308 969 2369 unice
989 2310 1065 2369 huno
1084 2313 1160 2369 amet
1179 2308 1258 2368 Talis
1279 2325 1360 2384 puer,
1386 2322 1572 2382 quanquame

412 2410 615 2485 patrefamilias
630 2413 780 2496 diligatur,
804 2413 940 2487 numquid
959 2420 1054 2475 tamen
1075 2414 1155 2476 dabit
1171 2430 1299 2489 operam,
1323 2419 1356 2472 ut
1374 2414 1406 2471 in
1421 2430 1457 2473 ea
1471 2429 1525 2487 qua
1538 2410 1572 2469 di·

410 2517 509 2590 ligitur
524 2516 674 2577 dilectione
692 2524 868 2592 permaneat,
892 2536 930 2579 an
949 2537 979 2579 se
998 2521 1153 2593 lurconem‚
1177 2518 1353 2578 ardelionem
1371 2518 1572 2591 immorigerum

411 2623 561 2696 praebebit,
585 2639 642 2696 quo
657 2624 681 2681 is
696 2625 745 2696 qui
761 2641 824 2682 eum
838 2626 868 2683 in
883 2624 973 2683 filium
988 2625 1170 2700 adoptaverit
1184 2625 1245 2698 ejus
1266 2622 1352 2682 tedio
1373 2620 1514 2683 afficietur
1527 2625 1571 2680 ete.

411 2727 509 2800 Pater,
533 2727 635 2801 inquit,
659 2734 757 2788 tenere
772 2734 849 2789 amat
862 2730 968 2790 liberos
984 2737 1013 2791 et
1027 2732 1102 2791 unde
1123 2730 1198 2791 boc?
1228 2728 1333 2788 Nonne
1354 2745 1391 2788 ex
1412 2724 1533 2787 natura?
1549 2730 1572 2783 et

410 2813 506 2890 tamen
521 2829 596 2890 filius
611 2833 641 2891 in
656 2839 767 2907 patrem
782 2838 985 2910 contumacior,
1009 2851 1105 2895 omnes
1120 2833 1272 2896 facultates
1288 2833 1452 2907 dilapidans
1473 2833 1509 2893 ad
1521 2833 1573 2890 baec

411 2936 517 2996 nullam
532 2937 754 2998 admonitionem
769 2941 911 3001 admittat.
942 2942 1088 3015 Numquid
1103 2942 1212 3015 storgia
1232 2938 1281 2999 illa
1302 2944 1427 3013 paterna
1441 2944 1572 3011 retrogre-

412 3042 491 3101 ditur
505 3047 534 3101 et
548 3047 633 3115 pater
645 3044 754 3103 vultum
773 3052 886 3106 avertat
904 3064 959 3107 nec
978 3064 1041 3107 eam
1063 3064 1120 3121 qua
1138 3046 1218 3122 prius
1239 3062 1302 3105 eum
1317 3046 1483 3118 complexus
1497 3044 1572 3103 dilec-

411 3148 518 3207 tionem
533 3164 602 3221 erga
615 3149 708 3221 ipsum
723 3153 858 3211 servabit.
890 3153 938 3212 Sic
952 3158 982 3211 et
996 3152 1078 3212 nobis
1097 3151 1216 3223 accidet,
1240 3151 1265 3209 si
1286 3167 1343 3209 non
1364 3166 1420 3224 pro
1441 3152 1572 3224 praeopto

412 3252 516 3313 Christi
532 3255 561 3312 in
577 3254 728 3315 dilectione
742 3258 803 3329 ejus
818 3258 1069 3331 permanserimus
1101 3256 1157 3316 Sed
1173 3256 1249 3315 dices
1265 3255 1354 3314 forte:
1376 3255 1507 3315 Christus
1521 3257 1574 3312 erat

410 3345 490 3418 Deus
505 3364 535 3418 et
549 3360 634 3421 bomo
650 3367 714 3421 erat
732 3359 876 3434 perfectus
895 3363 926 3421 in
947 3362 1077 3421 omnibus
1098 3362 1160 3420 sine
1183 3362 1259 3429 omni
1280 3366 1399 3435 peccato
1420 3369 1473 3421 etc.
1510 3358 1573 3418 Huic

410 3462 494 3525 facile
510 3470 572 3525 erat
586 3466 676 3539 patris
691 3467 841 3540 praeceptis
859 3484 911 3541 per
931 3468 1026 3527 omnia
1043 3468 1190 3528 inservire.
1229 3466 1293 3541 Ego
1313 3473 1412 3526 autem
1432 3470 1517 3526 miser
1529 3464 1573 3522 ho-

410 3571 523 3630 muncio
538 3576 673 3644 peccator·
686 3588 748 3631 sum
763 3571 890 3645 undique
906 3574 982 3633 vitiis
1001 3578 1124 3646 scatens,
1149 3574 1197 3646 qui
1216 3572 1349 3647 impleam
1370 3572 1491 3646 ipsemet
1508 3584 1572 3646 pre·

411 3682 524 3750 ceptum
546 3676 672 3735 illinisti?
708 3678 812 3751 Exigui
835 3680 931 3751 operis
954 3680 1018 3751 erit,
1042 3678 1067 3737 si
1087 3682 1166 3738 recta
1186 3679 1316 3737 voluntas
1336 3682 1366 3735 et
1388 3678 1488 3737 cordis·
1502 3675 1573 3735 sedu-

410 3781 477 3838 litas
492 3780 577 3854 adsit,
600 3783 654 3841 hoc
670 3787 721 3856 est,
745 3789 778 3842 nt
793 3800 828 3842 ex
843 3784 929 3843 corde
949 3789 1067 3857 puroet
1086 3800 1205 3857 syncera
1222 3783 1327 3843 Christi
1347 3789 1495 3858 praecepta
1507 3796 1572 3857 pra·

411 3889 488 3945 stare
502 3887 601 3961 cupias
616 3891 645 3945 et
665 3887 793 3960 quotidie
812 3893 840 3947 te
859 3890 890 3947 in
909 3890 944 3947 iis
966 3904 1109 3950 exerceas.
1149 3888 1222 3961 Quid
1244 3889 1319 3947 enirn
1339 3889 1394 3948 sibi
1413 3890 1483 3961 vult,
1507 3883 1573 3960 qnod

411 3988 507 4049 David
528 3991 589 4051 ait?
612 3992 706 4052 omnia
727 3997 836 4052 statuta
856 4001 907 4053 tna
929 3996 1055 4068 servavi,
1080 3997 1186 4070 quippe
1207 3996 1255 4068 qui
1275 3994 1450 4053 adulterium
1470 3990 1572 4052 commi-

411 4095 495 4166 serit,
519 4093 620 4154 Uriam
638 4112 752 4155 servum
771 4112 853 4156 suum
874 4098 1069 4159 fidelissimum
1087 4098 1210 4159 interfici
1225 4099 1346 4173 jusserit
1365 4102 1436 4171 ete,
1461 4098 1509 4157 sed
1527 4095 1573 4154 nti·

412 4216 468 4273 que
483 4201 616 4260 servavit.
647 4200 722 4259 Nam
743 4203 796 4261 etsi
814 4203 911 4275 lapsus
931 4210 1003 4277 erat,
1027 4210 1123 4265 tamen
1143 4204 1255 4265 avidam
1275 4204 1451 4263 voluntatem
1471 4218 1572 4263 servan·

412 4307 512 4365 dorum
527 4305 728 4366 mandatorum
743 4307 850 4367 donuni
865 4312 994 4369 retinuit.
1027 4311 1074 4371 Sic
1090 4316 1119 4371 et
1133 4326 1194 4383 nos,
1219 4311 1242 4370 si
1259 4327 1295 4370 ex
1309 4324 1382 4385 puro
1404 4310 1490 4369 corde
1504 4322 1572 4365 man·

307 4422 310 4426 ’
412 4410 480 4471 data
494 4412 550 4471 Dei
569 4428 686 4471 servare
706 4413 870 4473 studeamus
891 4420 921 4475 et
941 4418 983 4474 sic
1003 4416 1033 4475 in
1053 4416 1204 4476 dilectione
1224 4416 1472 4491 permanserimus.
1509 4414 1570 4471 Pro·

411 4512 485 4575 lecto
501 4516 612 4577 etiamsi
626 4518 731 4577 alicubi
745 4518 876 4579 labamur
890 4524 920 4579 et
934 4527 1035 4594 postea
1051 4520 1089 4581 ad
1104 4538 1154 4580 cor
1167 4526 1345 4583 revertentes
1360 4538 1417 4581 uon
1431 4522 1571 4580 innitentes

411 4621 516 4680 nostris
530 4624 674 4697 operibus,
698 4622 777 4683 Deus
793 4626 875 4685 nobis
889 4632 1022 4701 respectu
1036 4624 1088 4685 filii
1103 4629 1148 4685 sui
1168 4628 1264 4687 omnia
1282 4628 1464 4688 condonabit.
1493 4620 1571 4681 uouit

411 4728 487 4783 enim
502 4727 632 4786 dominus
647 4728 731 4788 nobis
746 4732 869 4805 compati
884 4748 942 4790 non
963 4748 1044 4791 secus
1065 4748 1099 4791 ae
1117 4732 1143 4791 si
1162 4732 1225 4807 quis
1245 4731 1449 4811 paterfamilias
1470 4740 1570 4789 servum

411 4829 518 4890 babeat
531 4832 584 4892 sibi
599 4834 771 4907 morigerum
791 4851 849 4894 nou
869 4836 908 4895 ad
929 4837 1039 4897 oculum
1060 4839 1231 4899 servientem
1252 4843 1283 4897 et
1300 4843 1380 4899 recta
1399 4853 1473 4913 erga
1487 4836 1569 4911 ipsum
