3700 5692
862 745 903 812 el

291 925 362 989 facit
374 929 510 1002 comites,
534 932 564 987 et
577 928 652 989 hanc
667 925 836 1004 dignitatem
849 926 935 988 alicui
954 928 1102 1003 impartire
1124 935 1168 992 est
1188 947 1289 994 munus
1308 932 1462 1008 imperato·

291 1035 381 1109 mum,
394 1050 456 1095 non
472 1021 610 1110 Saxonis,
635 1035 721 1094 Hessi
735 1050 790 1094 nee
803 1031 930 1094 Palatini
944 1031 1019 1110 (hue
1033 1035 1108 1094 enim
1124 1036 1186 1110 ejus
1201 1034 1281 1098 luere
1297 1037 1412 1115 verba),
1435 1045 1464 1099 et

290 1139 379 1199 sires
394 1140 520 1214 penitius
533 1141 757 1215 inspicerentur,
782 1137 906 1213 reperiri
921 1139 1017 1212 potuit
1031 1141 1081 1213 qui
1095 1142 1189 1204 Hesso
1205 1142 1326 1204 diceret:
1350 1145 1396 1203 'l'u
1411 1161 1463 1206 nos

291 1245 322 1303 in
335 1245 411 1304 hanc
423 1260 540 1306 nussam
554 1245 715 1320 conjecisti,
738 1261 793 1306 nec
812 1245 866 1306 tibi
885 1244 1006 1304 ulterius
1026 1246 1058 1305 in
1075 1246 1172 1321 aliquo
1192 1252 1337 1323 tenemur,
1361 1250 1413 1311 sed
1434 1256 1462 1310 et

291 1347 375 1410 nobis
391 1348 429 1410 de
443 1357 562 1424 auceps
575 1351 682 1412 damno
697 1349 866 1412 satisfacies.
889 1350 966 1410 Nam
981 1351 1111 1412 dominus
1126 1353 1207 1414 leudi
1222 1356 1246 1414 si
1260 1355 1368 1416 vasallo
1383 1356 1462 1417 dum-

290 1471 359 1514 num
372 1457 531 1530 injunxerit
545 1463 597 1519 aut
610 1463 727 1531 praeter
741 1471 864 1531 aequum
879 1471 945 1516 eum
960 1458 1170 1534 molestaverit,
1193 1459 1285 1534 aedua
1304 1459 1390 1521 feudo
1414 1477 1462 1521 ex·

274 1561 388 1640 ,edere
402 1566 490 1636 atque
504 1563 630 1622 vasallus
644 1568 742 1638 potest
756 1569 810 1624 etc.
839 1563 905 1624 Hoc
919 1565 1004 1640 enim,
1020 1566 1123 1642 inquit,
1139 1568 1218 1643 apud
1232 1582 1284 1628 nos
1300 1569 1342 1628 sic
1356 1570 1460 1629 cousti-

290 1671 385 1726 tutum
399 1673 444 1726 est
457 1673 513 1728 eto.
543 1667 646 1728 Fuisse
661 1684 775 1742 quoque
798 1684 830 1728 se
851 1671 935 1730 aunis
956 1671 1119 1751 quindecim
1139 1673 1271 1734 clientem
1291 1674 1425 1734 comitum
1445 1691 1463 1734 a

290 1769 427 1832 commin
442 1777 472 1832 et
486 1772 646 1834 wertheim
660 1790 719 1834 non
732 1776 857 1848 negavit.
882 1775 956 1836 Tum
969 1791 1036 1851 ego:
1050 1777 1091 1838 Et
1105 1793 1157 1838 nos
1172 1795 1208 1839 ex
1222 1779 1276 1838 hac
1290 1780 1461 1854 cognatione

289 1893 396 1951 sumus,
411 1893 478 1936 nam
486 1878 636 1940 Michaelis
650 1878 687 1940 de
699 1880 859 1942 Wertheim
872 1896 956 1940 soror
970 1882 1036 1942 avia
1049 1881 1119 1942 mihi
1132 1881 1195 1943 fuit.
1218 1882 1266 1945 Ad
1279 1885 1342 1944 haee
1356 1886 1395 1944 is:
1415 1885 1461 1944 Eo

288 1982 424 2042 libentius
438 1988 506 2044 tuae
521 1985 689 2046 dementiae
701 1986 856 2046 inserviam
869 1987 900 2046 in
914 1976 1045 2048 omnibus
1059 1971 1133 2060 quae
1144 2004 1268 2062 possum.
1293 1990 1458 2064 Interroga·

287 2089 380 2147 vimns
394 2090 483 2162 igitur
498 2089 633 2163 quidnam
647 2090 734 2151 hodie
755 2089 820 2152 fieri
839 2109 858 2152 a
876 2093 959 2152 nohis
979 2097 1114 2168 oportere
1134 2099 1259 2168 putaret.
1287 2095 1457 2170 Respondit,

286 2193 343 2254 hac
355 2193 404 2254 die
418 2195 600 2257 archiducem
618 2195 818 2270 absumptum
837 2199 1025 2272 pharmacum
1047 2199 1077 2257 in
1102 2199 1248 2259 eonsilium
1269 2217 1326 2260 non
1348 2201 1455 2260 vendre.

288 2300 476 2360 Tractaturos
490 2306 587 2362 anum
601 2302 637 2363 de
652 2303 739 2364 nehus
753 2303 929 2377 gravissimis
943 2305 974 2363 iu
990 2303 1107 2365 oonsilio
1127 2309 1157 2364 et
1178 2320 1209 2364 se
1231 2322 1288 2366 una
1308 2321 1372 2365 cum
1392 2306 1457 2366 aliis

287 2420 321 2464 eo
335 2421 400 2465 rem
414 2412 624 2483 promoturum,
647 2413 680 2467 ut
693 2423 781 2468 causa
796 2409 896 2470 casani
909 2407 1067 2484 referatur,
1092 2414 1152 2468 tum
1168 2425 1220 2469 nos
1236 2416 1371 2486 oportere
1394 2427 1454 2470 suae

287 2511 451 2586 maiestatis
458 2512 661 2573 resolutionem
669 2518 823 2588 expectare
833 2519 863 2572 et
877 2529 929 2574 nos
944 2513 1065 2574 subinde
1080 2513 1277 2574 exhiberemus
1293 2518 1457 2590 conspectui

286 2615 450 2677 archiducis
465 2622 496 2677 et
510 2620 636 2694 episcopi
649 2617 863 2693 nursinensis,
887 2619 999 2680 etamsi
1014 2618 1084 2680 nihil
1099 2617 1264 2680 dicmemus.
1298 2619 1400 2695 sicque
1415 2621 1457 2682 illi

288 2723 400 2796 gratias
414 2728 535 2797 agentes
550 2739 616 2783 eum
629 2723 773 2798 liquimus.

375 2828 411 2888 In
426 2829 528 2889 eodem
542 2829 647 2890 itinere
661 2828 692 2888 in
705 2828 831 2904 hospitio
845 2829 1018 2891 marchionis
1033 2829 1164 2890 electoris
1185 2835 1333 2891 strenuum
1356 2831 1455 2893 Stacu·

285 2933 345 3002 lum
365 2949 385 2992 a
408 2933 514 2994 Slehcn
534 2935 665 2995 Eubulus
687 2937 834 3011 convenit,
857 2936 900 2995 illi
922 2951 1067 3010 exponens
1090 2935 1235 3009 quodnam
1257 2943 1456 3011 argumentum

286 3039 522 3099 essetliterarnm
537 3040 655 3100 electori
669 3056 722 3100 suo
736 3041 828 3100 nostri
842 3042 955 3100 numium
971 3039 1142 3114 oblatarum,
1158 3048 1293 3117 rogantes
1309 3047 1350 3116 ut,
1367 3043 1392 3102 si
1407 3059 1455 3104 res

285 3158 321 3202 eo
336 3143 520 3218 devenirent,
543 3145 682 3204 electoria
695 3145 846 3205 elementia
859 3146 955 3205 omnia
969 3147 999 3205 in
1013 3145 1159 3206 meliorem
1173 3152 1284 3221 purtem
1303 3147 1381 3222 apud
1400 3164 1454 3208 cae-

285 3264 400 3309 saream
412 3251 594 3324 majestatem
613 3250 800 3327 interpretari
820 3249 892 3310 uelit
909 3256 940 3310 et
958 3266 1011 3324 pro
1031 3250 1113 3311 uobis
1132 3251 1319 3312 intercedere.
1352 3255 1380 3313 Is
1403 3270 1455 3314 nos

284 3355 449 3415 humaniter
472 3361 503 3415 et
523 3358 634 3432 excepit
654 3364 684 3416 et
703 3356 812 3416 audivit
832 3360 862 3414 et
882 3355 1041 3430 principem
1062 3371 1096 3414 ae
1115 3357 1208 3429 ipsum
1226 3357 1295 3416 mihi
1313 3358 1345 3418 in
1363 3359 1414 3427 his
1427 3364 1456 3417 et

282 3460 444 3534 majoribus
457 3478 567 3522 morem
581 3477 684 3537 gerere
698 3467 815 3537 paratos
829 3465 952 3522 testatus
968 3464 1019 3520 est.
1056 3461 1163 3535 Recepi
1179 3461 1278 3536 edam,
1301 3463 1326 3522 si
1348 3462 1455 3522 elector

282 3566 380 3626 sorori
394 3582 456 3626 sum
469 3567 500 3626 in
514 3569 633 3644 propria
648 3584 736 3628 causa
749 3567 908 3627 rescribere
923 3567 1024 3640 vehet,
1040 3582 1085 3626 me
1100 3567 1211 3626 litteras
1227 3567 1265 3628 ad
1280 3562 1344 3629 eum
1359 3575 1452 3630 tram·

282 3673 450 3733 missmum.
473 3674 590 3734 Elector
604 3679 702 3735 autem
716 3673 810 3734 adhue
823 3687 923 3732 somno
937 3670 1112 3746 indulgebat.

372 3778 487 3840 &dem
501 3781 682 3840 secretarius
702 3779 836 3844 Hoienais
858 3776 941 3837 nobis
960 3777 1087 3838 ostendit
1106 3785 1303 3853 argumentum
1325 3781 1454 3855 epistole

282 3885 402 3946 maris
416 3884 455 3946 ad
469 3886 727 3946 Monasteriensem
742 3902 829 3959 super
843 3883 1039 3944 commissione
1051 3883 1082 3942 in
1094 3884 1365 3946 causaHoiensium.
1381 3887 1454 3944 Item

283 3991 434 4064 exemplar
442 3991 648 4053 commissionis
656 4007 710 4050 nec
719 4008 777 4052 non
785 3990 1024 4052 consultationem
1035 3988 1146 4051 Claudii
1158 3989 1365 4066 Canciuneulae,
1379 4009 1453 4066 quae

281 4094 344 4158 iere
358 4095 425 4170 plus
441 4097 534 4159 minus
550 4096 742 4171 quadraginta
756 4094 873 4158 florenis
888 4100 1009 4155 constat.

371 4199 486 4261 Eadem
501 4201 646 4261 dominum
660 4201 822 4262 Musculum
836 4207 869 4261 ut
883 4202 1030 4262 nobiscum
1049 4201 1203 4275 pranderet
1222 4203 1319 4276 rogari
1340 4203 1451 4262 cureui-

280 4322 360 4382 mus,
377 4308 429 4382 qui
443 4322 510 4366 mox
523 4306 562 4366 ad
577 4307 716 4368 decimam
729 4308 839 4369 aderat.
870 4308 958 4381 Eum,
980 4323 1037 4381 qua
1051 4309 1195 4382 potuimus
1209 4306 1386 4366 humanitate
1402 4321 1451 4365 ex-

280 4411 422 4486 cipientes
447 4411 483 4472 de
505 4413 592 4472 variis
614 4418 644 4472 et
665 4428 728 4472 eum
748 4430 783 4473 eo
805 4412 986 4476 familiariter
1004 4413 1137 4474 collocuti
1157 4429 1269 4487 sumus,
1291 4427 1327 4472 ex
1347 4425 1404 4486 quo
1423 4415 1454 4470 et

279 4519 469 4592 eognovimus
483 4518 521 4578 D.
535 4519 678 4578 Bucerum
693 4518 740 4580 die
755 4519 876 4580 Veneris
891 4518 1022 4593 proxime
1036 4519 1135 4593 elapso
1151 4519 1317 4578 condatum
1340 4515 1450 4577 duobus

278 4622 456 4684 satellitibus
471 4623 580 4698 aulicis,
596 4639 654 4683 uuo
667 4623 841 4685 marchionis
855 4623 988 4684 electoris
1003 4627 1033 4683 et
1047 4622 1138 4682 altero
1155 4622 1297 4682 Frideriei
1316 4621 1451 4696 Palatini,

278 4732 315 4786 et
327 4728 407 4788 urbis
421 4728 599 4804 Augustanus
614 4729 710 4802 equite
724 4744 782 4789 uno
800 4727 868 4788 hinc
887 4729 1000 4790 abiisse.
1039 4724 1109 4786 Cum
1130 4726 1169 4786 ad
1188 4726 1263 4786 diem
1282 4739 1453 4801 parasceues

276 4831 339 4894 huc
352 4833 506 4898 advenae
518 4838 606 4898 antea
620 4851 735 4911 quoque
748 4834 780 4897 in
793 4833 918 4910 quodam
932 4847 1007 4908 pago
1022 4847 1075 4909 per
1089 4846 1192 4894 novem
1207 4830 1381 4908 septimanas
1402 4827 1450 4892 de·
