3700 5692
839 713 914 790 '213

290 900 412 975 metieos
427 900 459 972 et
476 911 634 987 papisticos
654 908 777 970 insultus
799 910 962 982 conservet,
988 908 1068 983 qu'us
1082 908 1114 968 in
1128 904 1229 970 nostra
1243 908 1341 987 lingua
1355 912 1467 973 initium

291 1024 352 1080 est:
377 1017 485 1077 Erhalt
498 1033 586 1076 uunsz
601 1015 679 1075 Hem
694 1015 741 1074 bei
755 1014 868 1074 deinem
883 1015 977 1076 Wort.

381 1123 410 1182 A
424 1123 562 1183 concione
575 1118 743 1180 volebamus
757 1120 916 1193 Rotgerum
931 1114 992 1179 oud
1004 1118 1056 1179 der
1070 1120 1169 1196 Burglr
1185 1124 1347 1196 conuenire,
1368 1139 1468 1185 verum
1572 1186 1576 1193 ,

290 1228 402 1289 tamdia
416 1228 571 1288 simulabat
592 1242 658 1286 eum
679 1225 764 1285 domo
786 1224 897 1284 abesse.
936 1225 1042 1285 Postea
1061 1232 1158 1286 autom
1173 1228 1366 1303 cognovimus,
1390 1230 1467 1303 quod

289 1336 382 1409 ipsius
404 1334 565 1393 absentiam
585 1331 772 1405 abnegarint,
796 1332 827 1388 in
845 1346 934 1389 causa
956 1328 1058 1405 fuisse,
1080 1332 1158 1406 quod
1177 1334 1337 1408 apoplexiae
1356 1336 1466 1409 species

288 1438 427 1514 quanam
441 1444 472 1499 et
485 1437 616 1513 eorporis
630 1442 662 1496 et
674 1436 763 1495 sninri
776 1436 853 1494 uires
866 1436 944 1495 illius
959 1436 1110 1496 obruisset.

380 1544 495 1604 Deinde
510 1543 588 1603 aedes
602 1541 771 1615 Hieronymi
783 1540 1004 1613 Beumgartneri
1019 1540 1138 1618 adimus,
1155 1545 1205 1617 qui
1219 1544 1286 1604 laeto
1301 1545 1395 1607 animo
1410 1540 1462 1604 nos

286 1652 385 1727 ipsum
405 1649 546 1709 adeuntes
566 1649 691 1723 excepit,
711 1662 745 1708 ae
763 1647 885 1707 invicem
905 1646 992 1705 alteri
1011 1662 1070 1707 non
1090 1650 1182 1708 solum
1202 1650 1330 1724 privatas
1350 1656 1464 1711 nostras
1559 1666 1565 1685 ⁴

288 1772 445 1829 aerumnas,
460 1756 513 1816 sed
527 1756 683 1815 communis
697 1753 799 1827 patrie
815 1734 976 1811 Gememae
992 1770 1107 1828 quoque
1122 1758 1311 1831 exposuimus.
1335 1756 1464 1816 Vidimus

287 1878 410 1922 uxorem
425 1863 488 1936 eJus
503 1866 533 1920 et
546 1860 666 1935 liberos,
691 1874 812 1933 quorum
830 1864 939 1934 praeter
957 1860 1070 1918 unicum
1093 1859 1182 1920 filium
1203 1878 1385 1923 numerosum
1399 1879 1465 1936 pro·

288 1972 410 2027 ventum
423 1966 521 2041 habet,
538 1966 681 2025 electurus
696 1966 812 2025 exilium
826 1965 852 2022 si
866 1964 944 2039 quod
958 1965 1069 2037 asylum
1084 1973 1205 2041 pateret,
1222 1968 1271 2027 ubi
1280 1969 1398 2027 ueritati
1411 1966 1463 2027 ad·

287 2075 403 2133 harere
417 2073 533 2147 impune
552 2072 662 2131 liceret.
700 2071 832 2146 Optimus
850 2070 898 2129 hio
918 2072 964 2130 uir
985 2071 1101 2129 tertium
1120 2071 1279 2146 Augustam
1299 2073 1463 2146 scripserat,

286 2178 504 2253 expiscatums,
529 2192 652 2250 quonam
676 2176 707 2235 in
729 2182 807 2236 statu
828 2192 875 2235 res
895 2192 967 2236 meae
982 2182 1087 2236 essent.
1125 2176 1173 2237 Ad
1191 2176 1277 2250 hujus
1292 2180 1347 2237 viri
1361 2192 1463 2235 manus

287 2282 392 2345 fideles
407 2284 634 2358 quadringentos
647 2284 775 2343 thaleros
790 2283 905 2358 reposui
918 2283 951 2342 in
965 2299 1048 2341 usum
1063 2284 1174 2357 negocii
1188 2282 1359 2357 Augustani.

377 2389 455 2448 Dum
469 2392 501 2448 in
514 2389 639 2463 hospitio
661 2391 692 2447 in
706 2388 827 2451 diarium
848 2405 944 2451 meum
958 2390 1054 2449 nescio
1070 2405 1135 2462 quae
1149 2391 1282 2464 assigno,
1299 2394 1460 2464 opportune

287 2496 425 2557 Liberius
439 2497 526 2570 venit,
543 2496 593 2569 qui
606 2500 672 2569 post
686 2510 738 2554 nos
753 2492 885 2569 Augusto
899 2493 1079 2554 discesserat.
1110 2496 1138 2553 Is
1154 2495 1257 2567 omnia,
1282 2510 1346 2568 quae
1360 2495 1401 2554 ihi
1416 2490 1462 2555 ac·

288 2602 435 2678 siderant,
458 2600 542 2661 nobis
561 2601 711 2675 indicavit,
736 2605 768 2660 et
788 2602 865 2661 inter
884 2606 982 2660 cet-era
1004 2599 1081 2673 quod
1103 2599 1131 2661 d.
1146 2600 1295 2659 Musculus
1310 2617 1329 2659 a
1343 2617 1462 2661 munere

289 2708 485 2769 ecclesiastico
500 2711 612 2765 amotus
627 2709 712 2764 esset.
760 2706 832 2764 Item
848 2706 926 2779 quod
941 2722 1031 2765 caesar
1044 2707 1137 2767 tribus
1154 2705 1198 2781 (ut
1212 2723 1287 2766 nuno
1302 2708 1463 2767 militariter

285 2811 459 2891 loquuntur)
473 2813 641 2887 tegimentis
656 2811 782 2885 peditum
797 2816 864 2872 ante
878 2813 1017 2885 palatium
1036 2814 1066 2873 in
1082 2814 1207 2873 statione
1227 2814 1345 2873 armatis
1359 2814 1461 2873 stanti-

287 2921 377 2980 huse
399 2923 501 2978 senatu
522 2918 692 2993 Augustano
714 2933 752 2976 an
774 2918 889 2977 interim
911 2919 958 2978 vel
978 2920 1074 2993 potius
1095 2920 1261 2993 operculum
1283 2919 1354 2978 illud
1374 2920 1462 2977 totius

286 3025 451 3101 papisticae'
466 3026 619 3084 camarino
643 3023 789 3097 suscipere
816 3024 923 3083 vellent
946 3040 983 3083 an
1008 3040 1103 3099 secus,
1128 3038 1298 3099 responsum
1324 3024 1461 3097 exegerit,

287 3130 368 3205 quod
382 3127 410 3189 d.
425 3131 493 3189 Vito
515 3146 569 3204 per
582 3125 771 3188 Etadorffium
791 3126 1020 3201 significabamus
1040 3145 1075 3188 ac
1096 3127 1218 3189 eundem
1233 3132 1332 3189 nostro
1347 3130 1462 3189 nomine

288 3235 411 3296 salutmi
425 3250 460 3295 ac
473 3233 634 3294 valedicere
646 3234 792 3307 jussimus.

378 3341 456 3400 Halo
471 3341 583 3401 Sueriae
597 3341 712 3400 interim
726 3340 836 3413 recepit
856 3353 890 3397 ao
904 3338 947 3395 sic
960 3336 1133 3412 Hispanious
1157 3338 1238 3397 miles
1253 3342 1403 3399 revocatus
1419 3344 1463 3398 cst

286 3454 318 3509 et
333 3448 381 3526 (ut
395 3444 513 3521 dicitur)
534 3446 696 3520 Augustam
718 3450 844 3508 uocatus.
879 3442 936 3502 Sed
951 3443 1022 3501 nihil
1035 3442 1209 3501 Halensibus
1232 3440 1279 3500 hio
1293 3442 1379 3502 timor
1392 3458 1460 3515 pro·

286 3553 352 3626 luit,
367 3558 434 3627 post
447 3552 586 3627 pauculos
602 3551 663 3611 dies
678 3552 754 3611 lberi
770 3566 820 3609 eos
840 3550 1008 3609 inciserunt.
1060 3593 1063 3598 .

380 3658 484 3717 Pransi
498 3658 588 3731 igitur
603 3672 699 3716 sumus
719 3657 853 3715 convivas
867 3655 1007 3715 hahentes
1022 3654 1144 3713 Paulum
1166 3652 1310 3712 Leitsehir
1325 3657 1355 3712 et
1367 3654 1460 3715 Bava-

286 3779 352 3823 rum
368 3762 519 3837 quendam.
558 3761 586 3819 A
605 3761 729 3836 prandio
748 3760 878 3821 Adriano
899 3760 967 3819 dedi
988 3759 1116 3818 thaleros
1143 3758 1280 3817 ducentos
1309 3762 1338 3817 et
1359 3759 1460 3832 uiginti

286 3886 377 3928 unum
391 3886 426 3929 ac
440 3866 656 3942 quatuordecim
676 3867 776 3926 betros
790 3866 948 3942 Augustam
970 3861 1153 3938 deferendos,
1175 3870 1208 3923 nt
1229 3869 1338 3923 catena
1353 3854 1459 3938 aurem,

287 3990 353 4049 qum
374 3975 406 4033 in
425 3975 529 4047 pignus
548 3977 761 4046 remanserant,
790 3970 1008 4031 redimerentur.
1056 3968 1177 4043 Accepit
1198 3985 1311 4044 quoque
1332 3970 1459 4043 quinque

287 4080 417 4141 thaleros
431 4081 463 4137 in
477 4079 612 4139 uiaticum
635 4082 664 4136 et
684 4076 755 4136 duos
776 4078 802 4135 si
814 4073 890 4135 forte
910 4075 1014 4149 hospes
1029 4073 1124 4136 foenus
1140 4082 1261 4151 peteret.
1299 4074 1460 4145 Itom'duos

285 4185 417 4245 thaleros
425 4182 580 4243 Ghnnrado
589 4183 696 4258 Fame,
712 4184 737 4241 si
750 4178 826 4242 forte
838 4181 1050 4255 horologiolum
1064 4188 1196 4257 paratum
1210 4186 1294 4240 esset.
1317 4180 1460 4239 dussimus

286 4306 403 4365 quoque
417 4288 539 4349 eundem
558 4288 686 4348 thaleros
707 4291 822 4347 centum
842 4284 951 4347 reterre
975 4288 1013 4351 ad
1026 4288 1184 4361 Rotgerum
1206 4283 1266 4346 aud
1283 4283 1338 4344 der·
1349 4284 1457 4357 Burgk.

288 4396 349 4472 Ipsi
363 4394 447 4456 nobis
461 4396 671 4455 reservavimus
685 4397 798 4454 eentum
813 4397 844 4451 et
856 4392 978 4466 triginta
992 4398 1101 4468 septem
1115 4393 1231 4453 teleros.
1397 4398 1401 4406 ’

377 4499 507 4561 Adduxit
520 4506 618 4561 autem
632 4516 728 4559 secum
742 4499 780 4559 ab
794 4498 928 4572 Augusta
943 4498 1076 4557 Litorius
1092 4496 1215 4558 aulicum
1230 4494 1372 4569 quendam
1387 4493 1459 4555 filio-

286 4622 353 4669 rum
367 4607 501 4667 electoris
516 4606 658 4683 Sauoniae,
672 4605 875 4666 Balthasarum
891 4602 1143 4676 Quindenberger,
1167 4602 1216 4675 qui
1231 4616 1249 4661 a
1263 4601 1346 4662 nobie
1361 4598 1399 4661 od
1413 4615 1460 4661 oo·

290 4713 393 4774 mitem
406 4711 517 4771 itineris
532 4728 623 4786 usque
637 4713 669 4769 iu
681 4709 903 4773 Rudolatadium
916 4713 1050 4783 receptus
1065 4710 1118 4769 est.
1232 4738 1235 4751 ·
1371 4764 1390 4769 .,

327 4831 330 4837 ’
379 4815 506 4891 Singulis
544 4816 669 4891 denique
703 4816 811 4877 curatis
842 4817 960 4892 auspice
987 4812 1042 4875 deo
1069 4830 1088 4875 a
1119 4810 1302 4885 Norinberga
1332 4807 1460 4877 Forche-
