3700 5692
852 723 915 789 iss

382 900 502 963 Obviam
518 919 632 979 qnoque
645 901 715 963 iacti
729 918 824 963 sumus
840 904 869 965 d.
885 906 1019 981 Philippo
1040 908 1140 984 Seldo,
1166 917 1316 987 rogantes,
1337 917 1369 971 ut
1388 914 1465 989 apud

291 1005 513 1070 tuamensem
528 1026 583 1083 pro
597 1010 680 1069 nobis
694 1009 896 1083 intercederet,
920 1029 977 1085 quo
992 1015 1120 1087 pecunie
1136 1032 1244 1076 summa
1259 1016 1465 1078 diminueretur

292 1113 514 1189 redemtoris,
539 1132 603 1189 qum
618 1115 656 1175 ad
669 1114 819 1189 negocium
837 1113 933 1175 facere
954 1116 1140 1193 videbantur,
1164 1137 1227 1179 curn
1248 1138 1282 1181 eo
1304 1138 1464 1181 sermonem

293 1218 413 1278 contuli.
452 1221 481 1279 ls
496 1222 657 1296 respondit,
682 1220 846 1293 sequidem
866 1222 897 1280 in
916 1223 980 1283 aliis
994 1224 1179 1285 libentissime
1193 1242 1301 1285 morem
1315 1244 1463 1301 gessurum

291 1329 323 1383 at
341 1324 374 1381 in
387 1323 444 1384 hoc
463 1326 579 1399 negotio
593 1327 728 1399 ipsemet,
753 1328 860 1399 inquit,
881 1334 933 1387 aut
950 1346 1051 1401 parum
1072 1338 1123 1391 aut
1146 1332 1217 1391 nihil
1238 1348 1324 1407 agere
1338 1350 1462 1405 possum.

290 1426 368 1487 Nam
387 1428 498 1489 aulicus
522 1448 598 1506 sum,
620 1448 685 1505 qnae
704 1446 795 1491 cesar
816 1436 845 1493 et
864 1432 1063 1497 atrebatensis
1075 1435 1194 1511 jubent,
1219 1437 1250 1497 id
1273 1438 1340 1497 mihi
1355 1435 1462 1497 facien·

291 1531 361 1591 dum
375 1539 430 1593 est.

382 1636 494 1699 Eadem
512 1639 624 1701 litteras
645 1640 672 1701 d.
692 1643 859 1703 Malchionis
880 1643 916 1703 de
938 1642 1011 1705 Ossa
1034 1647 1119 1707 Seldo
1149 1664 1201 1723 per·
1222 1648 1369 1707 liborium
1388 1648 1461 1707 misi.

289 1743 360 1819 Egit
376 1749 407 1803 et
420 1744 555 1803 Liberius
570 1746 660 1805 rnnlta
674 1762 739 1805 cum
753 1748 863 1823 eodem,
878 1750 931 1810 sed
946 1751 1039 1809 olenus
1054 1758 1083 1811 et
1102 1768 1190 1825 opera
1204 1752 1386 1828 perdebatur.

380 1848 512 1908 Vidimus
529 1850 584 1910 hac
599 1850 645 1910 die
659 1850 811 1913 Danielem
826 1854 947 1927 Stieber,
968 1856 1017 1928 qui
1036 1872 1099 1915 cum
1114 1856 1307 1917 Eichstatensi
1328 1860 1462 1935 episcopo

289 1954 457 2015 Ratisbonae
472 1960 544 2015 erat.
582 1956 711 2017 Pramus
726 1958 872 2021 nobiscnm
893 1966 938 2021 est
952 1961 1116 2021 Fridericus
1130 1962 1253 2037 Pergam
1277 1962 1344 2021 huic
1366 1965 1463 2037 aliqua

289 2061 368 2133 patri
382 2059 537 2121 referenda
550 2064 733 2137 injunximus.

304 2144 309 2150 ⁵
380 2166 459 2227 Ante
482 2168 654 2229 dominicum
672 2170 871 2247 Augustarum
894 2189 962 2232 casu
989 2173 1157 2247 magistrum
1181 2172 1330 2231 Glaserum
1355 2173 1460 2246 inveni,

289 2271 339 2345 qni
352 2270 402 2331 bio
416 2274 492 2333 vices
506 2274 790 2351 Hennebergensium
805 2278 874 2351 agit.
897 2280 970 2338 Item
986 2278 1012 2337 d.
1023 2277 1188 2339 Udalricum
1199 2277 1378 2337 Mordteisen
1394 2294 1460 2339 ocn-

288 2378 434 2451 venimus;
450 2379 537 2439 abeo
552 2380 653 2441 ducem
664 2382 833 2443 Mauritium
847 2384 918 2443 nibil
932 2382 1102 2443 consiliariis
1118 2382 1153 2442 de
1169 2400 1255 2443 musa
1269 2388 1369 2442 nostra
1384 2399 1460 2442 oom-

288 2484 405 2544 misisse
424 2486 592 2561 accepimus.
630 2488 752 2563 insuper
775 2495 804 2549 et
823 2490 1000 2551 consiliarios
1019 2504 1126 2565 paucos
1145 2495 1211 2563 post
1233 2488 1294 2548 dies
1312 2488 1379 2547 hinc
1399 2489 1460 2547 abi·

288 2595 384 2650 turos.

380 2696 409 2755 A
432 2712 515 2756 ooena
528 2697 724 2757 Marscbalous
748 2698 886 2760 Lndeu'tz
908 2700 991 2761 nobis
1009 2701 1122 2773 retulit,
1147 2699 1340 2759 marchionem
1353 2699 1461 2771 pollici·

286 2806 351 2861 tum
366 2818 444 2876 esse,
468 2818 499 2861 se
521 2807 551 2861 et
564 2802 656 2861 nostri
670 2806 842 2866 mentionem
862 2804 942 2881 apud
956 2822 1091 2867 caemrem
1106 2804 1170 2867 ficri
1184 2820 1355 2881 procurasse
1378 2809 1409 2863 et
1430 2809 1462 2862 ut

286 2908 366 2968 idem
380 2906 466 2967 lieret
475 2908 579 2981 jubere
594 2909 676 2969 velle.

378 3014 499 3073 Fratres
527 3013 607 3087 apud
628 3013 796 3075 Anaxonem
820 3023 849 3076 et
878 3017 1012 3079 Carolum
1035 3018 1126 3077 Harst
1152 3032 1255 3092 parum
1282 3015 1394 3077 consilii
1416 3016 1482 3078 in·.

286 3134 408 3179 venere.

378 3221 490 3281 Eadem
505 3223 543 3281 ad
556 3224 668 3285 litteras
681 3226 919 3285 Monasteriensis
934 3242 1103 3301 responsum
1119 3232 1172 3285 est.

379 3328 523 3388 Dicuntur
538 3330 677 3389 electores
696 3347 731 3389 ac
749 3331 839 3389 ceteri
857 3331 1002 3405 principes
1021 3330 1100 3405 apud
1115 3344 1267 3387 cesaream
1282 3330 1460 3401 majestatem

271 3434 438 3509 ,motibus
459 3451 496 3493 ne
511 3434 671 3509 comitibus,
692 3436 742 3509 qui
757 3436 849 3494 coacti
863 3436 922 3493 anis
936 3435 1110 3510 principibus
1127 3434 1236 3493 servire
1250 3431 1381 3506 fuissent,
1401 3448 1460 3490 mo·

286 3540 389 3599 lestior
404 3540 457 3615 sit,
480 3555 579 3597 rerum
594 3539 656 3597 haec
670 3542 771 3613 petitio
787 3546 839 3600 aut
852 3556 972 3615 parrum
992 3548 1043 3602 aut
1057 3542 1166 3601 nullum
1181 3540 1283 3599 sortita
1299 3543 1342 3597 est
1356 3538 1458 3597 locum.

377 3662 438 3703 m
450 3644 524 3718 Maji
537 3646 568 3703 in
582 3645 644 3704 aede
659 3645 797 3705 Mauritio
818 3661 902 3703 sacra
922 3646 1119 3721 Woltlgangus
1141 3646 1288 3705 Musonius
1308 3643 1458 3701 conciona-

285 3756 334 3810 tus
349 3757 396 3811 est
409 3750 640 3823 pradicationem
655 3768 692 3809 ex
705 3767 769 3825 cap.
788 3752 827 3809 15
848 3750 982 3810 Jcannis:
1007 3753 1146 3811 »Manete
1165 3753 1196 3811 in
1215 3750 1366 3809 dilectione
1385 3764 1457 3805 mea.

287 3858 318 3918 Si
331 3862 480 3932 precepta
493 3872 558 3915 mea
571 3857 763 3929 servaveritis,
786 3855 938 3914 manebitis
957 3858 987 3915 in
1008 3857 1159 3917 dilectione
1179 3873 1251 3931 mea,
1275 3854 1348 3913 sicut
1363 3859 1393 3913 et
1406 3868 1459 3927 ego

286 3964 380 4036 patris
395 3963 452 4021 mei
464 3967 612 4037 praecepta
626 3962 741 4021 servavi
756 3966 785 4021 et
799 3977 902 4021 maneo
916 3962 947 4020 in
968 3962 1029 4035 ejus
1050 3962 1219 4022 dilectione«
1241 3968 1294 4021 etc.
1325 3960 1380 4019 Hic
1395 3974 1459 4033 quae

286 4070 351 4129 beri
373 4068 511 4127 docuerat
525 4085 578 4141 per
594 4069 738 4144 epilogum
752 4068 906 4126 recensuit.
937 4066 1051 4127 Deinde
1070 4070 1124 4127 ait:
1148 4068 1286 4142 Audistis,
1311 4066 1403 4139 qualis
1424 4065 1461 4123 sit

287 4175 405 4235 dilectio
419 4174 512 4249 patris
527 4190 597 4247 erga
610 4173 684 4233 filios
700 4178 730 4233 et
748 4174 871 4232 manime
889 4172 980 4248 patris
1001 4173 1087 4247 illisa,
1111 4174 1161 4247 qni
1180 4174 1282 4233 coelmn
1303 4176 1333 4229 et
1353 4174 1460 4228 terram

286 4281 398 4339 creavit
411 4285 442 4339 et
456 4280 552 4339 omnia
566 4295 602 4338 cx
616 4296 647 4339 so
662 4281 725 4354 ipso
741 4277 820 4339 louet
840 4283 894 4337 etc.
932 4277 1051 4338 Manete
1070 4280 1101 4339 in
1122 4278 1272 4337 dilectione
1291 4290 1362 4333 mea.
1402 4271 1461 4331 Sed

286 4387 351 4459 quis
365 4386 478 4459 inquies
492 4384 539 4443 bic
553 4383 685 4444 ductus?
729 4384 870 4443 Nimirum
891 4383 926 4457 is,
951 4383 1027 4457 qnod
1047 4390 1130 4457 pater
1145 4384 1186 4441 sic
1201 4380 1301 4441 dilexit
1314 4376 1458 4449 mundum,

286 4496 319 4547 ut
338 4489 424 4549 dmet
442 4488 533 4549 filium
554 4506 635 4549 snum
656 4489 831 4565 unigenitum
852 4489 883 4545 in
903 4488 1054 4561 mundum,
1079 4494 1111 4547 ut
1133 4488 1224 4545 omnis
1246 4485 1294 4559 qni
1315 4483 1407 4543 credit
1430 4482 1460 4539 in

287 4611 354 4655 enm
367 4612 427 4655 non
440 4599 551 4669 pereat,
560 4595 612 4655 sed
625 4594 731 4655 babeat
744 4594 833 4653 vitam
847 4598 986 4653 aternam
1000 4597 1053 4651 etc.
1084 4595 1155 4652 Item
1166 4591 1310 4681 Christum
1323 4590 1464 4668 optimum}

286 4707 496 4775 preceptorem
509 4696 597 4759 fuisse
613 4700 710 4759 docuit
724 4701 824 4773 utique
839 4700 897 4775 qui,
913 4698 990 4772 quod
1006 4697 1093 4757 verbo
1115 4696 1253 4769 docuerit,
1274 4693 1304 4753 id
1324 4701 1354 4755 et
1373 4709 1460 4766 opere

287 4822 402 4881 quoque
423 4804 596 4879 impleverit,
619 4810 706 4879 amne
726 4805 781 4865 hoc
799 4806 976 4880 archetypon
997 4802 1196 4877 magistratum
1216 4801 1324 4861 imitari
1344 4799 1460 4875 debere,
