3700 5692
802 702 805 707 ’
847 721 920 791 sss

388 927 407 970 u
421 909 494 971 Juiii
507 916 573 969 mm
586 903 709 971 altera
721 906 858 990 Dracone
871 906 909 968 de
921 906 1019 969 muihh
1033 909 1213 971 compluens.
1237 908 1317 971 Ideni
1331 920 1367 973 ea
1380 910 1427 973 dia
1440 912 1471 971 iu

296 1016 482 1092 spomsiihm
502 1014 579 1077 Josti
604 1020 635 1075 et
655 1015 823 1091 Waipurgie
846 1016 1034 1075 concionatus
1057 1020 1117 1089 est,
1145 1017 1334 1089 posteriorem
1359 1022 1472 1092 mrtem

297 1122 406 1198 pssimi
423 1121 499 1179 115:
522 1120 662 1181 Dominus
681 1135 792 1181 memor
808 1118 865 1179 fuit
882 1122 975 1179 nostri
992 1123 1022 1180 et
1035 1120 1184 1181 benedixit
1197 1122 1288 1183 nobis.
1325 1122 1474 1201 Benedicti

300 1227 399 1287 domui
413 1227 516 1300 Israel,
531 1226 677 1287 benedicit
691 1226 788 1286 domui
801 1225 901 1287 mou
915 1231 970 1285 etc.
986 1236 1134 1301 emmane.
1172 1227 1287 1286 Summa
1302 1232 1355 1301 est,
1369 1230 1471 1304 inquit,

299 1335 405 1394 horum
418 1331 586 1407 verborum,
601 1330 680 1406 quod
695 1330 767 1391 daus
779 1330 911 1392 omuibus
924 1332 1076 1393 benedicat
1089 1338 1119 1393 ct
1133 1334 1229 1393 omnia
1242 1340 1404 1407 conservet,
1419 1352 1471 1409 po·

298 1439 442 1499 fflhnum
464 1444 561 1499 autem
580 1438 708 1497 ecclesie
730 1452 791 1497 sum
809 1437 981 1499 benedicere
1000 1444 1119 1513 purtem
1139 1439 1185 1499 sit.
1223 1440 1295 1499 Item
1315 1445 1423 1514 onmia
1436 1441 1474 1500 sit

297 1545 406 1608 dsiuoe
419 1544 579 1605 desertis
592 1543 718 1619 bouitas,
733 1543 784 1618 qui
797 1557 850 1603 nec
866 1558 957 1615 genus
972 1560 1026 1605 uec
1039 1558 1108 1617 opes
1122 1559 1176 1603 nec
1189 1545 1333 1605 miseriam
1345 1546 1473 1620 respicit,

299 1651 354 1711 sed
367 1650 479 1711 ordinis
493 1650 688 1723 cujuscunque
700 1646 864 1709 homiuibus
880 1648 1037 1724 benedicit,
1057 1650 1167 1711 scilicet
1179 1651 1243 1725 regi
1257 1652 1369 1726 potenti
1382 1657 1412 1711 et
1425 1652 1473 1711 Iro

298 1754 497 1831 pauperrimo.
533 1755 692 1817 Admonuit
711 1758 810 1814 autem
829 1759 864 1814 ut
883 1754 1110 1816 benedictionem
1133 1756 1287 1829 quideme
1309 1756 1423 1836 domiuo
1445 1762 1475 1817 et

298 1869 467 1938 peteremus
480 1865 511 1921 et
523 1866 756 1936 expectaremus,
779 1860 832 1921 scd
849 1863 893 1921 itu
910 1878 949 1921 ne
967 1877 1035 1921 mox
1054 1862 1164 1921 animos
1185 1862 1426 1937 despondeamus,
1450 1863 1474 1923 si

298 1986 361 2028 non
373 1969 408 2027 in
420 1972 578 2042 momento,
598 1982 664 2040 qua
678 1966 858 2042 petierimus,
880 1968 1057 2041 contingant.
1095 1965 1250 2026 Dominum
1269 1969 1345 2027 enim
1364 1972 1475 2027 matura

299 2075 373 2133 satis
397 2087 465 2132 snos
484 2071 684 2133 benesh'ctiona
704 2072 897 2146 impleturum.
935 2072 985 2133 Ait
1003 2087 1117 2147 quoque
1136 2072 1276 2146 psalmum
1297 2086 1475 2133 commosse

300 2178 432 2238 eudesius
445 2175 574 2237 fidelium
587 2176 707 2251 siugulis
722 2194 758 2237 ex
772 2178 928 2239 christinus
942 2178 1082 2239 charitate
1093 2174 1189 2237 hasta
1201 2178 1393 2251 imprecantis.
1416 2177 1475 2238 Do·

300 2284 363 2343 cuit
383 2289 416 2342 et
434 2282 576 2357 quomodo
596 2284 694 2358 magui
714 2284 771 2343 hoc
787 2283 950 2344 ducendum
970 2284 1023 2358 sit,
1046 2282 1123 2357 quod
1138 2282 1291 2357 iubeamus
1314 2287 1345 2343 et
1363 2282 1475 2343 dicatur

301 2388 400 2449 uobis:
421 2387 590 2449 Benedicits
602 2388 719 2450 domiuo
732 2394 788 2449 eto.
825 2390 899 2450 Item
917 2404 1053 2465 sponsum
1071 2393 1101 2447 ct
1114 2403 1249 2463 sponsam
1266 2388 1406 2449 adoeutus
1421 2394 1475 2463 est,

300 2509 445 2555 memores
458 2500 556 2555 essent
572 2496 719 2555 menese
739 2496 876 2556 bonitatis
894 2496 985 2569 patris
1004 2496 1035 2555 in
1050 2508 1100 2554 eos
1115 2494 1254 2568 coelestis,
1278 2495 1327 2568 qui
1340 2495 1431 2572 mods
1447 2500 1476 2553 ee

302 2601 422 2661 uberius
436 2616 501 2674 eos,
517 2600 588 2659 siin
600 2601 705 2661 timore
719 2606 750 2661 et
762 2599 822 2662 fide
836 2600 943 2661 domim
957 2600 1155 2675 persisterint,
1171 2600 1374 2660 benedicturus
1388 2606 1474 2675 esset,

303 2720 360 2765 nec
373 2720 434 2765 non
450 2710 481 2765 et
498 2706 619 2781 liberos,
643 2722 715 2781 quos
733 2706 913 2780 procreaturi
933 2711 1043 2779 essent,
1066 2711 1154 2779 etque
1173 2720 1210 2765 ne
1229 2706 1326 2766 statim
1346 2722 1476 2767 macrore

302 2808 524 2886 conficmentur,
539 2812 565 2871 si
577 2828 637 2872 non
649 2812 745 2873 omnia
757 2826 826 2873 mox
835 2813 927 2887 copia
939 2827 1028 2873 cornu
1040 2811 1096 2871 illis
1107 2810 1147 2871 ad
1158 2827 1274 2900 manum
1282 2812 1388 2877 adsint
1411 2812 1476 2873 Vnd

303 2932 350 2977 uo
362 2917 424 2977 lasz
438 2917 517 2977 nicht
530 2913 676 2977 scheidich
694 2916 811 2979 habenu
826 2918 912 2994 hont,
935 2934 967 2977 so
982 2922 1095 2994 nempts
1114 2916 1220 2978 leidich
1233 2934 1284 2991 an,
1309 2916 1379 2979 Gott
1397 2919 1477 2979 wira

304 3020 372 3082 woll
390 3020 540 3083 machenn.
578 3022 641 3083 Nea
658 3023 714 3083 hoc
734 3022 904 3084 heneficium
924 3024 1008 3099 parvi
1029 3022 1227 3084 estimandum
1248 3030 1309 3097 est,
1333 3023 1477 3085 dominum

303 3127 392 3187 deum
404 3126 510 3187 coelum
523 3128 578 3189 eibi
592 3129 624 3189 in
637 3128 772 3189 hrenum
781 3127 1000 3203 magnificantia
1012 3146 1135 3203 creasse,
1150 3146 1250 3190 verum
1263 3127 1400 3189 muudum
1414 3144 1478 3189 cum

303 3234 437 3295 omnibus
450 3236 557 3294 creatis
571 3235 627 3309 piis
641 3250 700 3295 non
712 3233 856 3306 inuidere;
872 3235 952 3309 quin,
968 3233 1045 3308 quod
1055 3236 1147 3308 maius
1159 3238 1213 3308 est,
1227 3236 1259 3293 in
1270 3251 1339 3295 usus
1349 3236 1477 3309 ipsorum
1507 3264 1510 3269 ·

304 3343 369 3402 haec
382 3340 519 3403 condidit.
541 3342 660 3401 Etcum
673 3342 736 3401 huc
747 3356 779 3401 se
788 3342 831 3401 ita
842 3339 977 3415 habeant,
994 3339 1148 3413 cogitamus
1159 3340 1287 3399 viventes
1302 3344 1331 3399 ct
1344 3341 1409 3399 sani
1422 3340 1476 3400 deo

304 3450 337 3509 in
349 3453 522 3523 perpetuum
535 3446 683 3508 Helleluia
695 3447 859 3508 doeantme.
983 3436 986 3441 ’

309 3594 328 3605 .„
394 3553 424 3611 A
437 3555 574 3613 concione
583 3551 704 3612 &relus
717 3568 812 3613 comas
826 3551 992 3613 adleichen
1005 3566 1069 3609 eum
1084 3565 1174 3609 uxore
1188 3564 1241 3608 sue
1255 3554 1285 3609 ot
1297 3549 1477 3625 sigismundo

303 3658 399 3719 fratre
412 3658 556 3719 abierunt
582 3659 612 3717 A
624 3660 747 3735 prandio
761 3644 930 3734 conjugibus
942 3657 1099 3717 honoraria
1112 3671 1166 3730 pro
1179 3671 1261 3715 mora
1275 3655 1344 3715 data
1357 3660 1432 3715 sunt

395 3765 456 3827 Sub
479 3769 612 3839 quartum
637 3763 753 3825 domiue
774 3764 812 3824 de
832 3762 1066 3837 Schwartuburg,
1088 3762 1211 3823 Joannis
1230 3762 1349 3821 chrici
1367 3762 1477 3821 comitis

304 3886 394 3945 uxor,
411 3870 598 3945 pedissequas
612 3881 709 3930 secum
722 3876 754 3930 et
767 3869 1004 3944 christophorum
1017 3870 1054 3930 ab
1068 3869 1253 3944 Entuenberg
1266 3884 1321 3928 noc
1334 3885 1393 3929 non
1406 3868 1477 3929 Jou-

304 3977 431 4037 chimum
445 3976 522 4035 Sacis
534 3991 682 4037 assumens
699 3976 829 4050 domum,
846 3976 955 4035 relictis
969 3974 1151 4037 Rudclstadii
1164 3973 1276 4037 duabus
1289 3972 1416 4051 filiabus,
1439 3975 1479 4035 ad

305 4086 442 4145 mss-itm
455 4083 551 4143 rediit

396 4188 458 4249 Sub
471 4204 557 4249 coeua
569 4187 712 4249 hienricus
726 4189 798 4249 haro
811 4205 832 4247 a
844 4183 1016 4249 Wildcnieis
1029 4189 1117 4249 venit.

396 4294 476 4355 Nota
495 4294 532 4355 de
549 4291 713 4356 {ammosa
729 4295 762 4355 iu
779 4291 918 4354 hirsfeldt
941 4294 1127 4355 incarcerato.
1169 4294 1210 4353 Et
1228 4290 1439 4365 animadverte,
1460 4307 1478 4351 o

305 4403 407 4475 homo,
426 4401 497 4475 quid
510 4398 600 4461 faciat
611 4416 680 4461 caro
695 4399 752 4460 sibi
764 4398 902 4461 derelicta
914 4400 993 4459 utin
1007 4400 1139 4476 pessimis
1153 4400 1241 4459 etium
1255 4396 1411 4457 crudelitas
1422 4393 1477 4457 iu¹

305 4508 402 4568 locum
415 4507 512 4567 hahet.

396 4606 1479 4685 stuiiihlhertusDracoinsaceiloarcisocteademdecimemsextum
1590 4616 1594 4624 “

579 4773 582 4778 .
885 4748 904 4784 s

384 4837 397 4884 1
417 4832 484 4885 Hier
500 4832 547 4885 hat
564 4831 608 4885 die
624 4831 666 4886 hs.
684 4831 744 4885 eine
760 4830 850 4887 hlaine
867 4832 955 4888 liieka.
