3700 5692
435 676 477 736 96
889 663 1128 733 QUERIMONIA.

519 828 599 892 haec
621 824 706 892 leret
727 832 865 908 paterna
887 826 1050 908 quondam
1073 828 1200 906 sceptra
1221 822 1390 909 fascesque
1411 826 1536 909 imperi,

455 950 506 1002 140
517 939 594 999 tunc
617 951 700 998 novo
723 933 790 1013 regi
813 932 950 997 insuetis
974 931 1162 1012 gratulabor
1184 932 1339 1015 versibus,

518 1046 596 1104 tunc
618 1037 698 1102 meis
721 1036 865 1103 feliciora
887 1034 956 1101 lata
979 1037 1076 1102 rebus
1100 1037 1251 1117 spondeo.

523 1144 612 1222 erae
635 1140 782 1225 prolatus
805 1161 860 1207 ore
884 1140 1000 1223 lucrat,
1024 1160 1119 1207 verus
1142 1160 1253 1225 augur,
1276 1144 1432 1226 praescio,

517 1266 673 1329 prospero
699 1253 834 1313 eventus
858 1252 1014 1330 sequutus
1038 1247 1257 1329 comprobavit
1279 1250 1392 1316 omine.

399 1345 403 1351 ’
563 1354 651 1420 Haec
674 1371 750 1434 ergo
773 1351 856 1417 fidus
880 1356 1048 1435 sequester
1071 1353 1171 1418 verba
1192 1355 1261 1435 regi
1283 1352 1453 1435 perferam,

456 1478 506 1529 145
519 1460 618 1526 verba
642 1478 706 1525 non
730 1459 890 1540 portanda
912 1457 1035 1539 rapidis
1059 1458 1217 1525 Balticum
1240 1461 1273 1525 in
1298 1458 1416 1526 fretum
1439 1460 1541 1526 Notis.

520 1565 568 1630 Tu
592 1564 686 1631 modo
709 1565 859 1643 animum,
882 1562 1100 1645 Daphnorine,
1123 1564 1239 1645 recipe,
1267 1584 1455 1632 concussum
1479 1566 1581 1631 metu!

521 1670 626 1752 Saepe
650 1671 749 1751 naris,
774 1688 870 1752 quarn
893 1670 1053 1735 secundus
1077 1671 1195 1735 Auster
1219 1675 1252 1736 et
1273 1669 1388 1738 fluctus
1411 1671 1488 1737 tulit

490 1836 493 1841 .
520 1794 623 1859 usque
645 1774 720 1843 felix
743 1793 802 1857 per
824 1772 977 1856 profundi
1000 1792 1102 1857 regna
1123 1776 1229 1857 Nerei,

520 1882 583 1947 iam
609 1882 717 1947 subire
739 1885 889 1962 prompta
911 1885 1037 1960 portum
1062 1882 1189 1965 iamque
1211 1886 1318 1948 terrae
1341 1883 1497 1964 proxima,

455 1988 692 2069 isodorepente
715 1985 889 2051 saevientis
912 2004 1032 2068 quassa
1054 1988 1178 2053 Boreae
1201 1988 1340 2069 turbine,

519 2092 674 2174 mergitur
696 2090 765 2159 fere
787 2098 884 2175 atque
907 2093 941 2158 in
964 2094 1034 2175 ipso
1057 2113 1141 2177 pene
1164 2094 1240 2161 sidit
1262 2094 1358 2159 ostio:

519 2216 602 2282 quae
625 2204 732 2263 tamen
757 2204 852 2265 cauta
874 2201 1019 2280 magistri
1043 2200 1147 2266 seduli
1170 2200 1343 2282 prudentia

520 2304 687 2385 sospitate,
711 2322 746 2369 se
768 2310 903 2385 paterno
927 2307 1017 2373 salva
1040 2306 1146 2372 reddit
1168 2304 1268 2372 littori

518 2410 668 2491 laetaque
691 2408 841 2475 advectas
864 2416 987 2476 remoto
1012 2430 1030 2477 a
1054 2412 1121 2478 sole
1145 2428 1266 2478 merces
1290 2410 1437 2493 explicat.

455 2534 505 2588 ios
517 2517 682 2582 Hactenus
705 2520 781 2581 tuae
804 2514 935 2582 favente
959 2518 1070 2600 cymba
1093 2518 1179 2584 vitae
1203 2518 1333 2583 numine

446 2655 448 2658 ·
519 2638 708 2703 prosperum
732 2620 868 2687 sulcavit
891 2640 1020 2705 aequor,
1042 2624 1132 2704 lapsa
1155 2621 1327 2704 tranquillo
1351 2622 1434 2687 salo:

519 2726 646 2809 iamque
669 2744 743 2807 spes
764 2726 903 2792 blandae
925 2726 1043 2809 quietis
1067 2730 1098 2793 te
1122 2725 1260 2807 fovebat,
1285 2726 1383 2791 otium

521 2830 675 2912 pollicens
699 2842 731 2896 et
753 2830 846 2897 dulce
868 2831 973 2912 longis
996 2830 1172 2912 praemium
1195 2831 1375 2911 sudoribus,

519 2937 648 3019 quando
671 2937 890 3017 inexspectata
913 2937 993 3003 duro
1017 2956 1113 3003 saera
1136 2938 1275 3004 stridens
1296 2938 1419 3019 impetu

458 3058 509 3110 rso
520 3039 627 3107 obruit
649 3041 789 3124 procella
811 3041 953 3123 puppim,
977 3042 1040 3107 iarn
1061 3042 1273 3125 propinquam
1296 3042 1412 3124 portui,

438 3168 446 3176 ·
520 3144 711 3228 naufragum
735 3147 883 3213 minitata
906 3145 1016 3213 latum.
1063 3147 1128 3213 Sed
1149 3147 1250 3214 fidelis
1272 3147 1401 3228 arbiter,

520 3252 575 3333 qui
596 3256 711 3317 tenens
734 3252 859 3319 clavum
882 3252 1043 3332 gubernat
1064 3250 1147 3318 fidus
1170 3258 1309 3319 arctoam
1332 3258 1445 3334 ratem,
1496 3314 1500 3323 .

521 3356 576 3422 ille
600 3356 741 3423 Castoris
764 3356 934 3438 gemellum
960 3363 1090 3440 sparget
1112 3360 1262 3425 antennis
1284 3359 1376 3425 iubar

520 3468 553 3528 et
575 3468 631 3528 tua
653 3464 693 3528 ad
717 3462 934 3528 desideratum
958 3463 1028 3529 vela
1049 3460 1159 3528 flectet
1182 3463 1317 3529 alveum.

457 3586 505 3639 iss
562 3569 645 3647 Quin
670 3574 703 3634 et
723 3568 808 3634 idem
832 3574 937 3635 rector
961 3569 1046 3634 orbis
1070 3569 1194 3647 Danici,
1217 3568 1277 3633 diis
1300 3567 1455 3648 aemulus,

519 3693 583 3739 non
606 3692 664 3739 suo
687 3681 811 3740 tanturn
835 3674 946 3742 favore
970 3681 1002 3743 te
1027 3675 1145 3756 beabit,
1169 3694 1263 3759 quam
1287 3676 1341 3753 diu

518 3780 707 3861 quantulum
730 3786 788 3858 est,
812 3780 898 3862 quod
921 3785 1023 3846 restat
1045 3780 1114 3845 aevi
1138 3780 1300 3861 transigis,
1327 3778 1384 3845 sed
1406 3780 1540 3861 insuper

517 3883 550 3947 in
574 3887 664 3947 tuum
687 3889 818 3963 gnatum
842 3882 982 3951 refusam
1006 3886 1191 3967 prorogabit
1214 3886 1358 3967 gratiam,

520 3992 553 4053 et
575 3988 739 4053 sereniore
762 3989 854 4054 vultu
877 3995 951 4055 vota
974 3995 1085 4056 nostra
1108 3992 1317 4072 comprobans

455 4111 507 4164 170
516 4092 681 4173 largietur,
706 4097 750 4173 ut,
774 4092 832 4158 tibi
856 4110 926 4159 cum
948 4092 1001 4159 fila
1024 4099 1152 4176 rumpet
1175 4098 1322 4176 Atropos,

519 4197 613 4279 filius,
637 4204 711 4264 tuae
734 4218 753 4266 a
774 4198 907 4266 iuventa
930 4201 1031 4266 cultor
1053 4201 1132 4267 artis
1155 4201 1297 4282 sedulus,

517 4305 550 4370 in
574 4302 792 4387 professorum
815 4306 967 4371 cathedra
991 4306 1103 4372 sedeat
1126 4310 1158 4371 et
1180 4306 1350 4385 subselliis,

520 4408 627 4491 sicque
650 4410 764 4476 seriem
787 4416 1004 4493 prosequutus
1027 4411 1157 4492 ordinis,
1181 4430 1246 4478 non
1270 4412 1419 4493 degener,

518 4532 613 4597 quern
634 4521 728 4597 pater
749 4517 864 4596 tenuit,
888 4516 1025 4582 eundem
1048 4515 1132 4583 filius
1155 4522 1264 4584 teneat
1285 4518 1398 4583 locum.

456 4635 505 4688 175
517 4617 589 4683 Non
612 4613 739 4702 quidem
762 4622 953 4703 peregrinus
976 4622 1030 4686 ille
1054 4626 1103 4687 est
1125 4627 1180 4689 aut
1202 4623 1242 4689 ab
1266 4624 1337 4689 aliis
1360 4622 1492 4702 advena,

458 4800 463 4811 ‚
520 4722 622 4805 ipsius
644 4725 730 4808 quod
751 4744 810 4795 vos
832 4732 984 4808 parentes
1008 4728 1095 4809 estis,
1119 4728 1181 4795 buc
1194 4729 1295 4795 ¹venit
1315 4726 1408 4809 locis3
