3700 5692
863 744 928 813 lca

380 934 508 997 'Eodem
533 932 672 1009 magister
702 929 888 993 Sebastianus
914 926 1051 991 Glaserus
1084 929 1166 991 uobis
1194 931 1345 1006 epistolam
1373 930 1479 1007 domini

305 1041 436 1117 Phihppi
449 1040 645 1102 Melnutbunis
665 1036 703 1100 ed
718 1036 954 1110 christophorum
970 1034 1119 1096 Oarlevvitu
1142 1036 1270 1097 exhibuit
1284 1054 1318 1099 ac
1332 1037 1479 1099 nobiseum

303 1152 437 1207 coenatus
452 1151 507 1206 est.

396 1249 504 1312 Oblata
517 1255 565 1311 est
576 1248 660 1309 uobis
675 1248 868 1309 ecclesiastiea
882 1245 1056 1321 reformatio,
1078 1262 1142 1321 quae
1157 1264 1220 1308 cum
1235 1250 1415 1309 interimente
1433 1250 1477 1309 iu·
1567 1229 1571 1233 ⁸

304 1357 392 1418 terim
407 1361 552 1432 prognata
566 1360 619 1415 est.
643 1354 725 1414 Tunc
739 1352 833 1413 edocti
847 1368 945 1412 sumus
960 1368 1045 1427 quam
1060 1368 1117 1413 non
1132 1354 1216 1427 pauci
1231 1354 1297 1427 sint,
1317 1355 1367 1427 qui
1381 1354 1477 1413 amiei-

306 1462 377 1523 tism
392 1477 452 1524 uon
465 1459 524 1522 fide
537 1460 591 1522 sed
604 1476 738 1520 successu
751 1460 915 1519 medentur

395 1569 583 1629 Hoxeriensis
597 1567 698 1627 civitas
713 1566 839 1640 qunque
850 1565 941 1626 millia
949 1564 1123 1627 florenorum
1135 1568 1235 1626 caesari
1248 1566 1354 1641 pendet
1368 1571 1398 1626 et
1412 1580 1478 1625 een-

304 1681 366 1737 tum
381 1690 486 1734 aureos
500 1689 554 1749 pro
567 1673 672 1733 litteris
691 1671 878 1732 absolutionis
899 1678 929 1732 et
943 1674 1101 1749 nonaginta
1119 1674 1150 1732 in
1172 1648 1278 1749 popina
1292 1672 1477 1733 cancellariae.

305 1781 444 1855 Legimus
458 1780 560 1840 eadem
575 1778 623 1839 die
637 1777 846 1838 transactiones
867 1779 984 1839 cesaris
1006 1779 1090 1854 hujus
1112 1776 1207 1839 Oaroli
1222 1779 1248 1839 v
1268 1795 1332 1839 aum
1348 1779 1477 1839 electori·

304 1887 359 1947 bus
373 1889 406 1945 et
418 1885 540 1945 stahbus
554 1884 668 1959 imperii
676 1897 765 1958 super
774 1885 834 1943 suis
847 1881 1040 1944 hereditariis.
1061 1884 1170 1945 Eadem
1186 1886 1216 1945 iu
1230 1887 1333 1959 plateis
1342 1886 1479 1960 Augustae

304 1992 486 2067 potissimum
504 1995 572 2051 aute
593 1988 671 2049 iores
689 1990 868 2065 papistarum
887 1990 969 2063 ignes
988 1988 1096 2052 fiebant
1114 1998 1144 2052 et
1167 1992 1279 2052 choreas
1302 1991 1479 2051 ducebantur

222 2164 226 2169 ,
306 2097 497 2171 inhonorem,
521 2101 554 2156 ut
567 2095 692 2170 metunt,
708 2096 737 2155 d
753 2095 821 2170 Viti,
839 2093 966 2154 arbitror
981 2096 1052 2170 ejus,
1069 2112 1153 2170 quem
1169 2093 1244 2155 Galli
1258 2096 1308 2155 Vit
1322 2096 1477 2169 appellant.

396 2204 444 2277 xvj
458 2203 540 2263 lunii
553 2204 584 2262 in
597 2202 705 2278 templo
719 2201 853 2261 Mauritii
876 2202 903 2261 d.
920 2201 1049 2261 loannes
1065 2200 1207 2261 Henricus
1221 2200 1477 2275 reliquumleetdo-

305 2311 366 2385 nis,
381 2326 469 2384 quam
484 2309 532 2370 die
545 2310 627 2369 Josis
641 2309 771 2384 proxime
787 2308 886 2381 elapsa
900 2322 1045 2381 exponere
1067 2322 1221 2381 aggressus
1236 2312 1288 2382 est,
1305 2307 1478 2380 explanavit,

306 2414 463 2477 ostendens
478 2412 621 2489 quomodo
636 2413 664 2475 d.
680 2413 789 2475 Paulus
804 2414 833 2472 in
847 2414 901 2472 hoc
917 2415 1012 2489 capite
1026 2418 1067 2472 14
1081 2430 1139 2473 non
1153 2430 1211 2475 uno
1226 2420 1394 2489 argumento
1409 2429 1477 2473 eon·

306 2522 465 2582 tentionem
478 2510 558 2580 ilIam
572 2518 684 2580 iutilem
700 2536 736 2580 ex
751 2521 859 2581 animis
868 2518 928 2579 tam
942 2519 1111 2580 Judoeorum
1133 2535 1219 2593 quam
1234 2520 1360 2594 gentium
1375 2518 1478 2579 redici-

306 2633 354 2687 tus
368 2627 498 2688 eximere
509 2632 630 2687 conatus
645 2625 692 2701 sit,
708 2626 886 2700 potissimum
898 2626 1008 2700 judiulo
1024 2624 1132 2685 Christi
1147 2626 1211 2686 illos
1227 2625 1385 2687 deterrens.
1416 2626 1480 2686 Hoc

307 2740 404 2795 autem
417 2734 481 2794 loco
496 2731 571 2793 idem
586 2732 712 2792 loannes
726 2730 868 2792 Hemieus
889 2731 987 2791 multis
1008 2735 1180 2805 potestatem
1195 2730 1300 2791 Christi
1322 2732 1478 2807 scriptura-

308 2858 375 2904 rum
390 2838 560 2901 testimoniis
574 2838 670 2914 palum
686 2833 854 2912 affirmavit,
879 2837 1010 2899 indicans
1030 2837 1173 2912 quomodo
1188 2838 1234 2897 bie
1249 2838 1379 2899 dominus
1389 2836 1480 2911 judex

308 2951 441 3010 vinorum
460 2950 490 3004 et
509 2948 686 3004 mortuorum
709 2942 879 3003 constitutus
899 2948 930 3004 et
950 2961 1036 3019 quam
1057 2944 1162 3005 nullium
1182 2960 1313 3019 personae
1332 2948 1480 3017 respector

307 3056 354 3117 sit
377 3054 452 3115 Item
466 3050 545 3125 quod
557 3054 680 3110 ventura
693 3050 732 3109 sit
745 3047 819 3109 hora
831 3050 883 3109 dle
897 3055 928 3109 et
942 3049 1003 3110 dies
1018 3052 1047 3109 in
1068 3068 1125 3125 qua
1140 3050 1270 3111 Christus
1292 3066 1345 3111 rex
1359 3067 1413 3125 pro
1427 3050 1478 3109 tri·

307 3158 408 3222 bunali
421 3156 526 3218 sedens
540 3155 578 3215 ab
591 3153 722 3214 omuibus
736 3152 906 3214 mortalibus
928 3155 996 3215 vita
1016 3156 1062 3215 vel
1076 3172 1230 3231 perperam
1245 3158 1290 3217 vel
1311 3157 1401 3231 probe
1415 3172 1481 3231 per·

308 3272 382 3328 aeta
396 3269 428 3324 et
442 3263 582 3323 dictorum
601 3259 742 3319 moenem
764 3261 935 3332 accepturus
950 3260 996 3317 sit
1031 3258 1070 3319 Et
1085 3275 1170 3334 quam
1185 3259 1341 3321 benevoles
1355 3266 1385 3321 et
1397 3263 1481 3321 mise·

308 3371 401 3431 ricors
416 3368 448 3427 in
462 3382 512 3427 eos
525 3364 652 3440 iuturus,
679 3364 729 3437 qui
750 3380 786 3424 ex
804 3369 884 3424 reeta
906 3364 1053 3425 voluntate
1073 3371 1104 3424 et
1117 3366 1193 3425 omni
1213 3368 1317 3425 mentis
1333 3368 1480 3426 conamine

309 3475 426 3537 cbristo
440 3471 564 3534 fidentes
586 3470 757 3544 verbosius
781 3477 811 3529 et
828 3470 972 3529 mandatis
994 3472 1025 3528 in
1047 3469 1103 3531 hac
1121 3472 1181 3530 vita
1202 3468 1392 3530 obedientiam
1407 3486 1481 3545 pra·

308 3586 388 3643 stare
401 3581 530 3655 eupiunt.
568 3578 680 3638 Rursus
704 3592 791 3650 quem
806 3580 940 3635 austerus
955 3578 984 3635 ln
1001 3591 1066 3651 eos,
1089 3578 1138 3650 qui
1161 3576 1259 3636 mundi
1275 3577 1414 3635 elementa
1429 3578 1479 3636 eli·

309 3692 410 3763 gentes
424 3685 503 3750 omni
516 3683 660 3758 idolatria,
675 3681 819 3755 superbia,
835 3680 950 3741 luxurie
965 3686 994 3741 et
1008 3682 1040 3741 id
1053 3698 1144 3756 genus
1163 3682 1297 3743 vitiorum
1319 3686 1481 3756 contempto

309 3806 409 3854 eorum
424 3766 570 3851 salvatore
583 3789 694 3864 seipsos
708 3792 945 3862 conspurcarunt.
970 3784 1070 3848 Obiter
1082 3804 1194 3863 quoque
1206 3787 1320 3863 docens,
1337 3788 1421 3861 quale
1433 3789 1481 3862 ju-

309 3898 417 3960 dicium
430 3900 466 3972 is,
482 3898 579 3970 quise
594 3908 708 3968 equum
717 3892 843 3967 judicem
857 3894 1069 3969 prestarediei
1083 3894 1160 3969 velit,
1188 3894 1265 3954 lerre
1281 3894 1393 3955 debeat.
1424 3894 1480 3954 Lo-

310 4020 374 4064 eum
390 4007 488 4063 autem
497 4001 587 4061 hune:
604 4001 740 4075 Vivoego
755 3998 975 4072 dieitdominus,
992 4016 1050 4060 non
1062 4000 1188 4062 delector
1199 4008 1292 4063 morte
1307 4001 1396 4077 impii,
1412 4001 1482 4075 quin

309 4111 402 4186 megia
417 4123 482 4168 eum
496 4110 659 4167 revertetur
673 4106 777 4181 impius
794 4108 824 4165 in
839 4107 886 4166 via
901 4121 955 4167 sua
969 4111 999 4165 et
1013 4107 1126 4168 vixerit
1160 4106 1364 4167 convertimini
1379 4106 1482 4167 deviis

309 4216 415 4277 vestris
429 4212 527 4287 malis,
541 4226 604 4271 ‘cur
626 4212 700 4270 enim
720 4212 881 4272 moriemini
902 4211 1002 4272 domus
1025 4214 1142 4274 Israelis
1164 4229 1199 4273 ex
1214 4229 1277 4287 cap.
1295 4214 1334 4271 33
1350 4212 1483 4270 Ezechiel

308 4322 471 4383 luculenter
486 4317 628 4393 exposuit.
658 4316 720 4376 Nos
740 4317 1012 4393 commonefaciens,
1029 4320 1098 4393 quia
1111 4334 1160 4379 res
1175 4334 1206 4378 se
1221 4318 1262 4376 sie
1275 4317 1429 4389 haherent,
1450 4321 1483 4376 ut

311 4429 435 4503 quisque
449 4442 504 4499 pro
519 4425 629 4498 seipso
643 4424 786 4483 rationem
800 4423 967 4484 redditurus
982 4425 1032 4499 sit,
1053 4429 1137 4484 caute
1158 4424 1188 4481 in
1203 4422 1258 4482 hoc
1272 4420 1367 4481 seculo
1382 4420 1481 4480 ambu-

309 4534 457 4605 laremus,
478 4546 567 4590 unum
584 4530 684 4589 Jesum
705 4528 850 4589 Christum
869 4530 1078 4603 redemptorem
1098 4533 1128 4588 et
1142 4526 1312 4587 salvatorem
1327 4542 1483 4601 agnoscen-

310 4646 365 4713 tes,
384 4653 478 4712 quem,
495 4637 520 4697 si
535 4640 618 4696 extra
631 4636 724 4711 ipsum
739 4636 827 4697 vitam
840 4634 1058 4708 instituerimus,
1072 4632 1195 4706 judicem
1209 4633 1419 4692 severisshnum
1435 4650 1483 4693 ex-

310 4744 426 4819 perturi
441 4744 539 4817 simus,
555 4748 689 4802 caventes
704 4741 819 4801 interim
832 4740 1004 4800 seinvicem
1020 4754 1072 4798 nus
1087 4736 1171 4799 lacile
1183 4736 1384 4812 judicaremus.

402 4849 431 4909 A
445 4847 582 4913 condona
595 4847 750 4923 hospitium
764 4846 911 4910 wilhelmi
925 4844 1047 4920 comitis,
1069 4859 1126 4921 quo
1137 4845 1200 4919 jam
1212 4848 1274 4905 tum
1288 4843 1391 4905 Florus
1405 4845 1481 4908 abie-
