3700 5692
876 670 948 747 Ι215

322 858 443 933 maenti
455 855 610 919 habentur.
627 908 632 915 .
649 853 778 915 'laudem
793 852 968 935 Grevcnthal
982 858 1196 933 pervenientes,
1220 858 1270 917 ubi
1283 858 1424 918 loannem
1439 855 1495 919 Ga·

322 967 465 1040 lactem,
485 963 665 1023 Ludovicum
686 976 800 1021 servum
819 966 849 1020 et
862 961 1005 1023 Joannem
1026 963 1109 1022 nobis
1131 962 1284 1038 apedibns
1299 980 1363 1023 cum
1378 965 1497 1024 sarcinis

322 1071 521 1144 relinquentes
540 1084 593 1127 nos
606 1072 687 1127 reeta
702 1066 875 1126 Salveldiam
895 1067 1027 1140 petimus.
1065 1068 1213 1129 Evenerat
1226 1072 1323 1129 autem
1337 1068 1494 1144 Wolffgan·

323 1193 392 1251 gum
407 1178 540 1237 comitem
560 1173 730 1235 aGleicheu
746 1177 776 1232 et
791 1172 937 1232 dominum
955 1173 986 1231 in
1006 1172 1208 1233 Blancheheim
1228 1189 1346 1233 uxorem
1369 1181 1497 1235 nostram

323 1299 390 1347 cum
403 1298 505 1343 sorore
519 1280 642 1341 Aemilia
661 1280 692 1337 in
711 1278 855 1339 Selveldia
873 1278 1003 1339 convivio
1026 1280 1171 1354 excipere,
1195 1284 1225 1339 et
1245 1296 1319 1355 pene
1342 1279 1494 1356 acciderat,

322 1395 356 1449 ut
368 1389 450 1464 ipsos
463 1388 495 1446 in
509 1386 582 1446 urhe
596 1383 692 1444 adhuc
705 1384 920 1445 invenissemus.
944 1384 1079 1445 Transito
1094 1388 1190 1443 antem
1206 1385 1280 1444 salae
1295 1386 1370 1446 vade
1385 1385 1493 1446 Rudel·

321 1494 449 1555 stadium
464 1492 504 1553 ud
518 1489 714 1551 charissimam
728 1504 840 1549 socrum
856 1494 887 1549 et
900 1505 1019 1549 emerem
1035 1490 1098 1549 sani
1112 1494 1142 1549 et
1156 1490 1261 1567 integri
1277 1489 1404 1569 (Christo
1420 1508 1493 1551 sern-

321 1601 439 1675 piterna
453 1599 491 1658 sit
504 1594 612 1673 gratia)
625 1595 818 1673 pervenimus.
855 1595 896 1654 Et
909 1596 977 1669 quia
992 1611 1091 1655 socrus
1105 1594 1180 1655 filias
1196 1604 1397 1673 expectaverat
1411 1597 1495 1657 solita

321 1722 416 1767 coenoe
431 1707 504 1766 hora
518 1722 578 1765 nna
592 1704 777 1765 coenavimus.
801 1704 904 1777 ltaque
917 1719 982 1763 cum
998 1701 1133 1764 dieJovis
1149 1710 1215 1765 ante
1230 1705 1382 1781 secundom
1397 1720 1494 1779 pome-

321 1813 468 1872 ridianam
484 1810 701 1883 eNorinherga
715 1808 884 1880 abierimus,
908 1809 955 1867 die
976 1807 1089 1868 sabbati
1104 1810 1180 1869 circa
1194 1811 1343 1885 septimam
1357 1812 1404 1871 vel
1417 1816 1494 1871 orta-

263 1928 267 1933 ·
321 1896 389 1977 vam
403 1916 497 1976 nocue
516 1913 733 1975 Rudelstadium
753 1913 944 1987 pervenimus.
983 1912 1080 1973 Distat
1094 1920 1190 1974 antem
1204 1916 1387 1991 Norinbcrpa
1401 1934 1420 1975 a
1433 1918 1494 1977 Ru-

321 2021 468 2083 delstadio
482 2021 606 2084 miliaria
620 2020 874 2099 vigintiquinque.

409 2125 593 2187 Rudelstadii
618 2144 654 2187 cx
682 2125 789 2185 nostris
815 2140 882 2183 cnm
900 2139 990 2185 uxore
1012 2126 1150 2199 nymphas
1171 2126 1297 2185 Evama
1317 2126 1492 2203 Wirtzherg,

318 2232 448 2293 hieriam
458 2232 613 2293 etAnnam
626 2246 741 2292 sorores
755 2246 908 2304 germanas
923 2229 1076 2289 Galacteas
1091 2231 1210 2307 nobiles,
1226 2232 1368 2291 ioannem
1382 2233 1490 2293 allon·

318 2337 393 2413 fele,
418 2337 599 2397 Jouchimnm
613 2354 632 2395 a
647 2336 748 2396 Salder
764 2341 793 2397 ct
807 2335 1009 2397 Vololrmarnm
1022 2354 1041 2397 a
1056 2335 1314 2412 Germershausen,
1334 2338 1492 2397 Henricum

320 2442 501 2503 etJeannem
512 2440 634 2503 famulos
649 2441 904 2502 etBnrckhardum
919 2442 1058 2516 nuntium,
1075 2442 1276 2502 Volckmarnm
1291 2439 1415 2520 eHsgn‚
1429 2443 1493 2503 Fri-

317 2550 448 2610 dericum
466 2549 594 2623 aBergo
616 2550 785 2623 reperimus.
810 2556 813 2559 ’
839 2548 899 2607 Sub
919 2552 1032 2619 nectem
1053 2547 1169 2609 dominc
1189 2565 1286 2622 socrus
1308 2567 1354 2611 me
1372 2551 1492 2611 indusiis

315 2655 430 2731 aliquot
442 2654 570 2715 donavit.
960 2707 964 2723 Ν
1085 2724 1089 2729 ¹

405 2762 419 2834 j
433 2760 505 2819 Julii
519 2757 769 2825 mensishlhcrtus
777 2760 875 2821 Draco
890 2765 957 2835 pest
972 2765 1101 2821 octavam
1114 2762 1145 2821 in
1160 2778 1227 2825 arce
1242 2764 1411 2838 evangelion
1424 2782 1491 2839 pro-

317 2865 419 2942 posuit
431 2881 545 2941 eucap.
563 2866 683 2933 blucae
698 2866 736 2927 de
749 2868 908 2942 piscatione
923 2884 947 2925 s.
963 2867 1053 2942 Petri,
1070 2868 1119 2941 qui
1131 2868 1250 2941 jubente
1266 2868 1379 2930 Christo
1395 2871 1490 2946 copio-

320 2988 383 3031 sam
398 2972 518 3046 piscium
532 2976 681 3047 capturam
695 2970 813 3031 iecerat.
841 2972 892 3032 Ait
906 2988 1044 3036 summam
1058 2974 1144 3047 hujus
1159 2976 1300 3050 evangelii
1319 2990 1390 3049 esse,
1415 2975 1492 3049 quod

317 3094 428 3153 eorum,
444 3079 496 3151 qni
509 3077 624 3138 Christo
640 3094 676 3138 ex
690 3079 785 3138 animo
799 3076 902 3152 fidunt,
917 3080 1029 3137 animos
1042 3080 1131 3140 verbo
1146 3084 1246 3139 sancto
1262 3096 1313 3140 suo
1329 3094 1447 3153 pascere
1462 3085 1492 3140 et

317 3199 444 3257 corpora
457 3198 558 3243 eornm
572 3182 644 3243 cibis
658 3181 777 3244 reficere
792 3183 871 3241 velit.
908 3183 940 3242 Si
953 3188 1050 3243 temen
1064 3183 1094 3241 in
1109 3184 1254 3256 agnitione
1270 3190 1299 3243 et
1313 3183 1369 3246 fide
1385 3184 1492 3245 Christi

318 3292 541 3365 permanserint,
558 3296 589 3351 et
602 3290 750 3351 contexuit
764 3304 801 3348 ex
816 3289 871 3347 hoc
884 3287 1035 3361 evangelio
1056 3286 1201 3348 doctrinas
1216 3305 1327 3349 novem.
1366 3290 1491 3351 Primam

315 3395 355 3455 de
369 3394 561 3455 sollicitudine
575 3394 684 3455 Christi
699 3411 769 3468 erpa
783 3410 861 3468 suos,
877 3399 907 3453 et
921 3393 946 3451 si
960 3398 1039 3453 recte
1053 3391 1172 3482 memini
1180 3395 1264 3468 juxta
1279 3394 1408 3455 ordinem
1423 3395 1491 3455 Phi-

315 3500 390 3576 lippi
403 3501 712 3561 lllelanthoniscetera
726 3501 867 3574 exposuit.

406 3609 434 3667 A
448 3608 570 3682 prandio
583 3608 773 3669 Baithasarus
787 3623 806 3666 a
819 3606 1023 3681 qundenberg
1038 3622 1102 3665 cum
1121 3606 1205 3666 venia
1228 3605 1360 3667 dimissus
1382 3605 1489 3667 Wirna·

310 3714 392 3798 ,riam
406 3712 444 3774 ad
457 3714 601 3789 principes
616 3730 682 3773 suos
696 3713 792 3771 rediit.
829 3711 1053 3772 Amandavimus
1068 3710 1170 3771 eadem
1183 3710 1403 3771 Burckhardum
1417 3729 1489 3773 nnn·

315 3820 389 3879 dum
403 3824 434 3879 et
448 3836 512 3878 cum
527 3825 646 3894 satrapa
659 3820 692 3877 iu
705 3816 881 3877 Rndolstedt
894 3819 1020 3893 egimus,
1045 3797 1070 3876 si
1090 3834 1147 3890 qua
1167 3832 1256 3892 equos
1275 3817 1313 3876 ad
1328 3816 1488 3877 ducendum

315 3941 434 3985 cunum
447 3943 501 3999 pro
515 3926 647 3985 mercede
662 3922 770 3987 habere
784 3938 947 3997 possemus.
965 3922 1077 3985 Aderat
1093 3928 1122 3982 ct
1135 3920 1315 3981 Rudelstadii
1330 3937 1403 3982 uxor
1419 3922 1486 3981 ico

313 4032 389 4091 toris
403 4031 571 4091 Melchioris
584 4030 623 4089 ab
637 4030 712 4089 Ossa
725 4045 789 4088 curn
805 4028 916 4089 duabus
931 4028 1053 4089 filiabus.

405 4136 515 4210 ijJulii
533 4137 564 4195 in
586 4137 691 4197 sacello
709 4136 800 4195 castri
819 4135 978 4196 Rudclstcd
998 4136 1128 4195 dominus
1148 4133 1285 4194 Albertns
1306 4132 1402 4193 Draco
1418 4146 1485 4191 con·

314 4245 448 4305 ciouatns
462 4248 517 4317 est,
531 4242 683 4301 historiam
697 4242 868 4302 visitationis
882 4242 986 4301 Mariae
1005 4258 1042 4302 en
1057 4242 1084 4303 d.
1101 4240 1182 4300 Luca
1202 4244 1363 4298 contexens.
1401 4235 1487 4316 Prius

316 4354 415 4417 tumen
429 4348 480 4422 ait,
496 4362 528 4409 se
542 4349 663 4407 alteram
677 4353 791 4422 partem
806 4347 956 4421 evangelii,
977 4348 1031 4407 hoc
1046 4350 1090 4405 est
1104 4346 1140 4405 de
1155 4344 1326 4403 salutatione
1340 4339 1442 4400 Mariae
1457 4345 1489 4398 et

314 4469 456 4529 responso
469 4452 619 4513 Elisabeth
639 4454 671 4513 in
683 4452 764 4513 alind
777 4457 891 4527 tempus
906 4452 1070 4513 dilaturum.
1110 4448 1257 4509 Canticum
1276 4462 1344 4507 vero
1360 4445 1486 4520 deiparae

315 4560 437 4634 virginis
450 4559 493 4619 ite
508 4560 651 4635 exposuit,
665 4565 700 4619 ut
714 4559 813 4619 decem
826 4575 927 4620 versus
942 4557 1083 4617 divideret
1105 4557 1135 4615 in
1150 4554 1264 4615 audem
1280 4552 1386 4612 domini
1399 4566 1434 4610 ac
1449 4549 1486 4611 de

254 4729 258 4734 ,
315 4665 437 4739 singulis
448 4662 500 4726 ,dei
514 4664 678 4737 virtutibus,
693 4664 899 4739 misericordia,
915 4664 1045 4737 potentia
1060 4667 1089 4722 et
1103 4663 1225 4721 veritate
1246 4658 1395 4733 loquentes
1408 4653 1485 4715 face·

314 4776 372 4836 ret
395 4770 476 4831 luter
490 4774 590 4830 cetere
602 4769 650 4829 hic
663 4758 783 4847 notavit,
798 4770 913 4833 beatem
927 4767 1065 4844 virginem
1078 4766 1203 4829 Mariam
1217 4763 1333 4838 druse,
1353 4765 1486 4837 potentes
