3700 5692
275 932 428 1007 conjugum
450 930 488 990 do
502 928 720 1003 Schwartaburg
734 928 772 988 ad
793 929 874 1003 cujm
888 912 1099 1003 frontispicium
1112 930 1249 1005 scriptum
1264 926 1319 991 est:
1343 930 1444 1007 Sepul-

275 1043 342 1098 tnra
355 1036 492 1097 comitum
506 1040 537 1096 et
550 1034 731 1095 dominorum
743 1034 775 1092 in
789 1034 1019 1109 Schwartzbnrg.

364 1141 586 1216 christophorus
606 1140 843 1214 ab'Entaenberg
860 1146 891 1199 et
905 1138 1136 1201 Schneidewindt
1157 1142 1319 1208 licentiatus
1334 1144 1446 1205 litteras

274 1249 406 1322 recipere
421 1247 558 1307 nolebant
575 1263 614 1306 eo
635 1247 713 1321 quod
731 1247 913 1306 amanuensis
933 1261 1020 1305 manu
1039 1246 1137 1320 lapsus
1161 1248 1258 1321 aliqua
1272 1255 1402 1310 eraserat
1415 1251 1445 1309 in

275 1354 397 1413 eundem
411 1352 505 1412 locum
520 1354 647 1413 secundo
661 1352 797 1426 scribens,
813 1366 848 1411 ac
859 1352 960 1412 dehac
974 1368 1007 1411 re
1020 1352 1141 1412 multum
1156 1353 1262 1428 diuque
1277 1356 1446 1417 altercatum

274 1461 352 1519 inter
365 1475 419 1518 nos
434 1464 487 1533 est,
504 1462 534 1517 ct
546 1458 708 1533 praesertin
723 1458 801 1531 qnod
814 1458 920 1518 littere
931 1458 1031 1533 sigillis
1044 1463 1073 1518 ct
1087 1476 1222 1519 manuum
1236 1461 1445 1535 subscriptione

275 1565 383 1625 domini
396 1563 514 1639 Georgii
527 1565 645 1623 Ernesti
659 1581 677 1623 a
691 1564 875 1639 Horrebam,
892 1564 1068 1639 sigismundi
1083 1582 1101 1625 a
1114 1565 1256 1641 Holbaoh,
1270 1564 1411 1625 Eriderid
1427 1582 1445 1625 a

275 1657 485 1745 Wangenhcim
507 1686 542 1729 ao
560 1670 653 1729 nostri
666 1674 697 1729 et
710 1670 813 1729 uxoris
827 1670 1021 1739 corroborata
1037 1677 1142 1731 essent.
1176 1672 1306 1733 Tandem
1321 1688 1443 1732 conven-

274 1782 345 1848 tum
360 1782 394 1835 ut
407 1775 451 1833 illi
464 1776 616 1849 pecuniam
630 1774 714 1834 nobis
728 1781 960 1849 annumerarent,
983 1794 1037 1837 nos
1058 1780 1136 1837 intra
1157 1794 1270 1838 menses
1285 1779 1357 1841 duos
1372 1779 1444 1839 alias

274 1882 387 1941 litteras
401 1880 581 1941 emendatius
595 1880 753 1953 desmiptas
767 1879 954 1940 hrnstadium
967 1881 1114 1942 missuros.

365 1986 475 2046 Simoni
494 1988 598 2046 aerario
618 1987 649 2044 in
664 1984 850 2060 Rudelstadt,
874 1988 924 2060 qui
940 1992 969 2046 et
983 1987 1044 2061 ipse
1059 2004 1122 2047 oum
1138 1988 1252 2048 domina
1267 2004 1352 2047 socru
1366 1987 1443 2047 Aru·

275 2090 361 2154 stadii
381 2098 458 2168 arat,
483 2091 559 2166 quod
581 2092 694 2151 litteras
718 2092 870 2152 nonnullas
891 2092 974 2153 nobis
997 2091 1205 2168 descripsisset,
1227 2093 1370 2152 thalerum
1393 2092 1443 2151 de·

276 2198 377 2257 dimus.

214 2315 218 2321 ·
365 2301 562 2376 sigismundus
577 2303 740 2364 Wrtdcben
754 2304 845 2378 gratis
860 2305 971 2379 omnia,
986 2320 1060 2377 -quae
1082 2303 1160 2380 apud
1179 2302 1301 2364 eundem
1315 2305 1442 2379 insump-

278 2414 405 2469 seramus
421 2409 514 2485 dedit,
535 2415 679 2484 praeterca
693 2426 724 2469 se
738 2409 821 2469 nobis
836 2408 873 2469 ad
887 2407 983 2468 officia
997 2409 1113 2484 obtulit,
1135 2425 1212 2484 agre
1227 2410 1387 2484 admittens,
1411 2414 1444 2467 ut

278 2531 314 2575 co
328 2516 376 2575 die
389 2516 468 2575 illinc
481 2516 634 2576 abiremus.
657 2515 794 2575 Dedimus
807 2516 893 2574 uxori
907 2514 1082 2589 sigismundi
1096 2530 1199 2575 amcos
1215 2516 1286 2577 duos
1301 2522 1330 2576 et
1345 2517 1442 2590 singu-

278 2622 312 2681 lis
327 2622 425 2696 pneris
439 2622 530 2696 ipsius
544 2620 684 2681 florenum
698 2636 827 2681 aureum.
849 2620 944 2680 Erant
958 2620 1083 2694 quinque
1098 2636 1227 2681 numero.
1262 2699 1269 2709 Ι

364 2725 469 2801 sicque
488 2729 613 2802 receptis
632 2728 831 2801 sesquinouem
852 2726 976 2786 millibus
991 2726 1099 2799 aureis,
1124 2743 1245 2800 quornm
1259 2727 1337 2787 mille
1350 2727 1443 2787 Anna

277 2830 380 2890 hiariae
400 2832 581 2893 debebantur
601 2837 630 2891 at
649 2833 755 2893 ibidem
775 2849 888 2907 quoque
903 2849 922 2891 a
936 2833 1018 2894 nobis
1039 2832 1196 2908 dabuntrm,
1218 2834 1275 2895 duo
1290 2834 1380 2893 millla
1395 2833 1445 2893 do·

277 2938 354 2997 mina
368 2951 468 2998 socrus
481 2940 608 3014 recepit,
630 2955 699 2997 nam
712 2938 774 2997 haec
788 2940 819 2997 iu
833 2941 952 3013 negotio
973 2938 1133 3014 citationis,
1156 2940 1352 3015 absolutionis,
1375 2954 1444 3014 pro·
1512 2972 1515 2976 -

277 3042 408 3103 fectionis
422 3043 598 3119 Augustanoe
618 3048 648 3103 et
669 3045 766 3104 nascio
785 3046 816 3103 in
837 3062 909 3118 quas
923 3045 1056 3106 Plutonis
1076 3049 1183 3119 mystas
1207 3046 1337 3120 impensa
1351 3051 1443 3106 erant.

277 3150 349 3209 Item
369 3150 493 3209 dominae
512 3152 608 3210 socrui
626 3150 852 3224 quadringentos
870 3123 924 3223 pro
948 3133 1063 3224 sumptu
1084 3153 1114 3209 in
1136 3150 1220 3212 dietis
1235 3158 1265 3212 et
1280 3152 1343 3213 aliis
1358 3150 1445 3211 rebus

276 3256 415 3316 dedimus.
452 3258 492 3315 Et
505 3274 543 3317 ne
561 3256 614 3315 hos
629 3257 759 3331 recipere
779 3254 918 3314 abnueret
940 3254 1014 3313 clam
1029 3271 1092 3314 eam
1106 3258 1257 3329 pecuniam
1271 3257 1371 3316 subter
1385 3258 1446 3331 pal·

275 3362 345 3421 lium
360 3378 396 3421 ea
410 3363 500 3421 inscia
518 3364 550 3421 in
564 3361 695 3422 cubiculo
713 3360 803 3434 ipsius
821 3360 982 3435 posuimus,
1006 3376 1060 3419 uec
1082 3360 1208 3419 arbitror
1227 3376 1290 3419 eam
1310 3361 1367 3419 nisi
1380 3366 1447 3435 post

276 3466 386 3527 abitum
401 3472 531 3527 nostrum
545 3469 702 3541 reperisse,
718 3471 805 3538 atque
819 3465 938 3540 singulis
954 3466 1100 3541 dispositis
1114 3467 1262 3541 matronis,
1279 3482 1344 3540 quae
1358 3482 1445 3526 venc-

275 3579 343 3633 rant
356 3572 518 3633 Anastasia
532 3576 670 3647 inuisere,
691 3571 888 3631 valediximus.
928 3572 986 3633 Sed
1000 3577 1061 3631 tum
1075 3570 1253 3630 humanitate
1269 3578 1298 3632 et
1312 3570 1445 3645 precibus

276 3676 377 3738 earum
392 3679 459 3738 uicti
472 3680 620 3754 paulisper
634 3678 673 3737 ad
686 3678 800 3751 repotia
817 3674 1004 3736 consedimus.
1028 3678 1068 3735 Et
1080 3693 1140 3736 uua
1153 3692 1190 3736 ex
1203 3677 1248 3735 his
1262 3676 1445 3749 mulierculis,

275 3800 341 3857 quae
357 3784 499 3859 quondam
523 3784 562 3843 ab
582 3800 637 3843 avo
656 3784 754 3843 moris
773 3788 879 3842 uostrae
900 3782 1112 3856 aWestphalia
1132 3796 1166 3840 eo
1188 3782 1313 3843 adducta
1332 3787 1397 3841 erat
1416 3786 1447 3840 et

275 3890 319 3949 illi
332 3890 453 3949 servivit
470 3890 502 3948 in
522 3889 609 3949 rebus
628 3890 722 3947 minus
743 3888 870 3947 honestis
885 3904 961 3946 nuuc
981 3887 1019 3947 ad
1035 3887 1181 3947 dominum
1196 3902 1335 3948 conuersa
1349 3888 1447 3961 agnita

276 3994 420 4068 euangelii
433 3996 555 4054 uariata
568 3993 703 4067 lacrymis
717 3992 844 4067 undique
859 3993 969 4053 obortis
983 3992 1126 4054 Eubulum
1147 3992 1251 4053 obnixe
1265 3993 1445 4067 hortabatur,

274 4106 309 4162 ut
322 4116 389 4160 cnm
402 4114 493 4158 uxore
505 4101 537 4158 in
550 4098 731 4161 comminue
745 4097 853 4157 christi
866 4102 997 4171 perstare
1011 4100 1105 4158 velim.

365 4203 532 4263 (lantherus
547 4219 641 4265 comes
656 4205 702 4264 rol
715 4205 761 4262 sui
775 4202 953 4279 Anastadae,
976 4220 1012 4263 ne
1027 4204 1120 4263 dicam
1135 4206 1236 4277 nostri,
1252 4204 1332 4263 velut
1345 4203 1447 4276 Maga-

274 4310 403 4371 rensium
419 4310 529 4369 nullam
542 4311 684 4369 radonem
703 4310 882 4384 habuerunt,
906 4326 959 4369 neo
979 4309 1131 4369 sodalitate
1152 4324 1206 4367 neo
1226 4306 1315 4369 allatu
1334 4307 1449 4381 quidem

274 4414 438 4491 dignantes.
461 4416 537 4475 Dum
551 4432 626 4476 uxor
639 4434 657 4475 a
672 4416 787 4475 domina
800 4420 892 4476 matre
907 4414 1071 4475 divellanda
1085 4419 1170 4487 esset,
1189 4414 1273 4486 juxta
1287 4413 1448 4473 Salomonis

275 4521 464 4595 senmutiam,
490 4526 620 4582 extrema
639 4520 737 4597 gaudii
757 4520 854 4581 luctus
865 4526 1002 4598 occupat,
1026 4536 1079 4580 neo
1092 4502 1148 4593 ego
1162 4517 1210 4577 hic
1224 4517 1376 4579 admodm
1391 4517 1450 4578 ier·

272 4642 355 4687 reus.
377 4628 435 4688 Vix
449 4629 526 4688 enim
540 4627 636 4687 socam
650 4632 680 4687 et
693 4626 797 4685 ceteris
811 4642 871 4700 prae
886 4642 1017 4701 merore,
1032 4631 1067 4686 ut
1079 4623 1209 4699 decebat,
1234 4627 1342 4698 gratias
1364 4640 1452 4699 agere

273 4739 420 4812 poteram.
454 4734 498 4794 at
516 4734 634 4795 tundam
653 4733 790 4805 ahisque
810 4748 863 4793 nos
886 4733 941 4793 deo
962 4732 1169 4791 committentes
1184 4745 1243 4807 ⁴epo
1263 4748 1328 4791 cum
1342 4730 1451 4791 familia

273 4854 343 4900 mea
356 4839 465 4914 primus
479 4840 563 4903 abeo.
575 4839 772 4925 'Namsocrui
784 4838 894 4900 ibidem·
905 4838 1000 4905 adhuc
1018 4838 1139 4915 negocia
1159 4837 1256 4912 aliqua
1269 4842 1362 4915 arant,
1384 4852 1450 4913 quaa

1163 4945 1203 5005 16
1219 4942 1236 4979 *
