3700 5692
994 727 1044 792 ,60

523 914 666 976 Melcbior
685 913 749 974 beri
760 913 866 974 -comiti
886 928 904 973 a
923 912 1038 972 Nasson
1059 909 1253 987 compromissi
1273 912 1408 987 seriptum
1426 927 1485 972 eum
1497 917 1582 974 nostre

438 1020 576 1094 petitione
591 1020 702 1080 obtulit.

524 1125 603 1185 Nota
619 1124 655 1186 de
669 1126 790 1199 querela
803 1125 925 1185 comitis.

524 1230 635 1290 Eadem
659 1231 825 1305 conspectui
848 1228 1048 1290 Atrebatemis
1072 1245 1125 1290 nos
1146 1229 1282 1290 exhibere
1303 1229 1475 1304 volebamus,
1501 1243 1584 1287 verum

429 1353 489 1410 >per
502 1335 663 1396 Adrianum
682 1352 701 1396 a
721 1337 852 1407 Zertzen,
876 1335 927 1408 qui
941 1335 1113 1408 legationem
1128 1351 1147 1394 a
1162 1333 1341 1412 Coloniense,
1365 1335 1463 1396 comite
1477 1333 1510 1392 de
1522 1332 1583 1392 llas

435 1457 489 1500 san
503 1447 532 1501 et
547 1439 662 1500 domina
676 1442 806 1516 principe
819 1438 972 1500 adferebat
987 1439 1033 1517 (ut
1046 1440 1108 1513 ipse
1123 1437 1231 1514 aiebat)
1247 1440 1378 1515 impediti
1390 1455 1490 1498 snmus.
1513 1436 1584 1512 enjus

434 1546 607 1620 legationem
627 1551 815 1620 posteaquam
833 1545 1056 1618 audivissemus,
1089 1543 1289 1604 barbarensis
1312 1561 1330 1604 a
1355 1543 1437 1604 nobis
1459 1544 1585 1618 quaritur.

435 1649 494 1711 Sed
515 1651 565 1710 ubi
588 1651 787 1711 attrebatensis
810 1652 848 1710 ad
870 1649 948 1710 ades
971 1649 1112 1724 venimus,
1141 1651 1248 1725 presul
1266 1651 1328 1723 jam
1349 1655 1410 1709 tum
1437 1648 1472 1709 ad
1492 1651 1585 1724 patrem

435 1755 646 1816 Grandevclam
660 1757 825 1815 transierat.
858 1755 1032 1829 subsequuti
1047 1757 1135 1829 igitur
1150 1771 1215 1815 eum
1228 1757 1259 1816 in
1274 1761 1397 1831 paterna
1409 1755 1527 1830 hospitia
1538 1751 1587 1814 lere

435 1862 475 1922 ad
494 1861 597 1921 horam
619 1864 727 1922 exitum
749 1864 812 1936 ejus
832 1861 1084 1937 praestolabamur,
1109 1878 1145 1920 ex
1164 1877 1255 1937 puero
1274 1868 1372 1922 autem
1391 1859 1510 1935 quodam
1528 1857 1586 1920 didi

434 1968 525 2052 umus
549 1984 614 2027 enm
635 1973 702 2042 post
725 1983 832 2026 nonam
855 1967 1015 2028 missationi
1037 1964 1240 2026 interfuturum
1262 1973 1292 2026 et
1311 1966 1419 2029 ibidem
1443 1983 1503 2026 cum
1521 1963 1588 2040 patre

434 2090 615 2147 pransurum.
646 2074 722 2132 Dum
736 2075 825 2148 igitur
839 2071 944 2133 ibidem
960 2079 1096 2146 astamus,
1121 2089 1212 2132 nauus
1227 2071 1355 2147 oblonga
1373 2072 1508 2135 undulata
1524 2075 1588 2130 seam

435 2183 465 2238 et
484 2179 571 2239 mitra
589 2184 708 2239 ornatus
730 2179 889 2240 cubiculum
908 2177 1082 2239 (irandnelae
1101 2179 1199 2238 intrat.
1234 2177 1307 2236 Mox
1326 2178 1489 2252 supervenit
1503 2177 1589 2236 Petrus

434 2284 624 2344 aMalvenda
637 2286 784 2360 hispanus,
807 2285 976 2345 sorbonicus
993 2283 1162 2359 theologus,
1186 2283 1347 2344 sacellarius
1366 2283 1499 2356 casana,
1521 2294 1590 2355 quen

434 2391 624 2450 accusationis
646 2407 717 2450 meoe
739 2389 820 2468 (licet
841 2392 887 2450 hie
908 2389 1032 2450 mendax
1055 2391 1179 2462 reperiri
1208 2386 1304 2464 vebm)
1328 2389 1503 2463 coripbaeum
1522 2385 1589 2446 duco.

434 2492 523 2567 Cuius
545 2496 730 2569 inauspicata
753 2498 815 2569 avis
837 2496 961 2557 cubiculi
983 2495 1131 2555 introitum
1154 2501 1184 2554 et
1205 2495 1311 2555 exitum
1331 2497 1440 2556 malum
1462 2494 1592 2568 angurium

433 2601 517 2660 nobis
539 2601 671 2659 attulisse
692 2606 773 2675 puto.
809 2602 973 2675 Hospitium
1000 2599 1189 2660 Grandevelre
1211 2599 1288 2660 mdes
1309 2608 1380 2662 sunt
1401 2601 1589 2674 Fuggerorum,

433 2721 504 2779 quas
519 2706 565 2764 vel
579 2705 667 2779 regiis
682 2707 840 2780 sumptibus
862 2711 1008 2766 extructas
1023 2712 1116 2781 putes.
1147 2707 1277 2766 Vidimus
1296 2707 1405 2767 ibidem
1423 2721 1477 2780 par
1489 2703 1590 2767 Aethio·

433 2827 501 2883 pum
516 2816 546 2870 et
559 2811 716 2880 masculum
731 2817 761 2870 et
775 2809 908 2874 feminam
922 2811 1100 2887 pigmeorum
1116 2812 1161 2889 (nt
1174 2811 1274 2888 oredo)
1290 2812 1326 2872 de
1340 2818 1439 2887 gente.

521 2913 566 2974 Ad
586 2915 740 2989 hospitium
758 2916 947 2978 redeuntibus
967 2918 1068 2978 obrius
1088 2917 1123 2978 fit
1137 2919 1219 2978 nobis
1235 2918 1402 2994 Pinzinger,
1426 2912 1592 2978 atrebatensi

432 3021 602 3081 asecretis.
638 3021 724 3080 Hunc
742 3023 984 3098 interrogavimus
1003 3025 1260 3084 sciretnecausam
1284 3029 1417 3085 nostram
1442 3016 1591 3098 imperatori

432 3124 562 3200 relatam,
586 3141 624 3186 an
643 3143 733 3188 secus.
763 3128 933 3204 Respondit,
954 3128 1055 3189 herum
1071 3146 1153 3190 suum
1173 3129 1288 3204 dixisse,
1311 3145 1359 3189 res
1379 3131 1506 3190 revisere
1519 3140 1590 3199 opor-

432 3236 504 3313 tere.
536 3233 633 3307 Ipsum
648 3239 744 3294 autem
757 3235 863 3309 latere,
886 3249 954 3293 num
970 3232 1078 3294 Caesari
1097 3234 1165 3311 quid
1179 3215 1302 3296 relatum
1318 3235 1355 3294 sit
1370 3235 1419 3296 vel
1434 3251 1501 3308 non.

520 3336 697 3400 boloniensis
719 3341 855 3414 scriptum
875 3341 1072 3414 compromissi
1092 3340 1177 3401 tertio
1197 3340 1258 3412 jam
1281 3339 1408 3402 describi
1432 3339 1549 3412 curavit,
1569 3339 1593 3392 el

432 3459 596 3517 quanquam
617 3461 670 3504 nos
692 3445 896 3520 Landtprauioe
918 3443 1081 3506 &eramus
1103 3445 1217 3505 diseias
1239 3446 1349 3519 verbis,
1381 3453 1416 3507 ut
1438 3447 1548 3505 maeret
1565 3439 1593 3498 (le

430 3549 619 3622 appendendo
634 3551 729 3626 sigillo
745 3554 815 3624 etc,
839 3556 936 3610 tamen
950 3550 1073 3612 Aduani
1087 3551 1230 3611 sententie
1243 3551 1320 3611 vicit.

519 3655 632 3730 lienus,
657 3671 741 3730 quem
761 3655 847 3716 hodie
867 3654 1003 3732 vidimus,
1027 3659 1103 3717 inter
1123 3657 1311 3718 cubicularios
1333 3650 1593 3730 essartandum

430 3774 465 3820 eo
480 3760 519 3819 ad
535 3758 752 3842 Grandcrelam,
777 3767 810 3821 ut
822 3761 917 3821 morbi
933 3764 980 3820 sui
991 3763 1121 3822 levamen
1141 3761 1258 3838 aliquod
1277 3766 1362 3836 esset,
1387 3765 1502 3822 missus.
1531 3757 1593 3818 Huic

283 3878 285 3881 ·
363 3932 365 3937 ¹
429 3869 474 3922 tot
487 3870 583 3925 restes
597 3866 716 3939 sericas,
740 3871 812 3939 quot
825 3868 894 3926 anni
909 3883 1009 3927 cursus
1025 3867 1086 3928 dies
1102 3869 1241 3943 continet,
1265 3885 1328 3928 esse
1343 3870 1438 3943 ajunt.

466 3997 470 4002 -
519 3967 565 4028 ni
578 3970 699 4044 primam
713 3970 939 4044 pomeridianam
953 3989 1054 4033 rursus
1068 3975 1267 4036 Atrebatemis
1282 3976 1435 4049 quaritur,
1458 3985 1541 4048 quem
1552 3965 1592 4029 ad·

429 4073 486 4132 buc
499 4074 530 4133 in
543 4075 668 4149 bospitio
682 4083 804 4150 paterno
823 4079 994 4138 invenimus.
1031 4080 1171 4140 Prodicus
1191 4082 1300 4154 itaque.
1310 4080 1397 4140 domo
1422 4080 1543 4153 stipatus
1559 4075 1595 4131 eat

430 4179 557 4253 nudique
572 4197 590 4240 a
604 4180 833 4240 sollicitantibus.
865 4182 937 4241 Cum
951 4185 1049 4258 itaquo
1064 4192 1094 4245 et
1108 4201 1160 4245 nos
1174 4186 1217 4244 illi
1232 4187 1542 4261 appropinquaremus,
1562 4175 1595 4237 ait

427 4285 556 4346 Eubulo:
579 4273 829 4361 Domine'comes,
854 4288 949 4348 adhuc
969 4291 1172 4350 resolutionem
1192 4309 1210 4350 a
1232 4291 1347 4351 Caesare
1368 4296 1510 4366 expecto,
1535 4285 1595 4344 silli

422 4390 488 4449 tibi
494 4390 567 4464 dixi;
591 4392 665 4450 bane
679 4393 729 4452 nbi
742 4399 844 4453 nactus
857 4393 951 4467 fuero,
973 4411 1023 4454 vos
1039 4397 1174 4456 accersiri
1188 4398 1304 4458 curabo.
1337 4397 1445 4470 sicque
1461 4395 1504 4455 illi
1516 4393 1594 4453 bono-

428 4511 490 4553 rem
504 4496 643 4556 exhibens
657 4513 722 4555 cum
736 4497 882 4559 sodalibus
897 4501 969 4559 meis
984 4501 1050 4562 abii.

482 4611 486 4619 ’
515 4599 626 4660 Eadem
640 4599 747 4663 iratres
762 4604 844 4665 nobis
865 4605 1055 4668 ostenderunt
1069 4609 1221 4668 Achaeum
1242 4606 1332 4668 lilium
1350 4607 1477 4668 nothum
1496 4598 1595 4665 Albani

406 4735 408 4739 ·
422 4703 575 4776 quondam
589 4705 753 4780 Moguntini
767 4710 974 4786 archiepiscopi
989 4717 1018 4774 et
1033 4713 1174 4774 deuterio.

519 4807 638 4867 Eadem
650 4811 801 4888 Philippus
821 4813 913 4878 ester
936 4822 966 4879 st
987 4833 1043 4896 eqo
1063 4833 1127 4879 cum
1149 4818 1322 4883 Wendolino
1341 4825 1371 4882 et
1394 4819 1489 4886 Floro
1508 4815 1595 4880 urben
