3700 5692
945 724 1014 793 oto

391 914 423 970 et
435 909 516 985 impii
532 923 552 969 a
566 908 670 970 (livinis
683 908 800 969 statutis
814 905 925 981 absint,
941 906 996 967 sibi
1010 906 1081 982 ipsis
1096 906 1156 967 suis
1170 905 1372 969 traditionibus
1386 906 1564 985 applauden-

392 1022 445 1089 tes,
476 1020 692 1089 persecutorum
713 1019 809 1075 sutem
828 1014 967 1073 malitiam
990 1010 1074 1074 nobis
1089 1029 1188 1073 ansam
1203 1016 1234 1072 et
1247 1014 1447 1075 necessitatem
1462 1015 1566 1074 orandi

391 1121 531 1193 praebere.
554 1122 627 1181 item
640 1120 718 1195 qnod
731 1120 803 1180 deus
818 1117 949 1181 omuibus
963 1135 1030 1179 eum
1043 1118 1243 1179 invocantibus
1263 1132 1354 1194 prope
1370 1118 1421 1193 ait,
1444 1122 1474 1177 et
1489 1118 1565 1193 quod

392 1232 538 1299 prmoepta
550 1225 599 1285 dei
612 1225 685 1285 nihil
698 1225 755 1285 siut
770 1240 858 1299 quam
870 1225 935 1299 ipsa
949 1224 1066 1298 veritas,
1082 1221 1160 1283 bona
1174 1239 1288 1297 quoque
1298 1223 1361 1283 hoeo
1374 1238 1441 1299 spes
1455 1224 1488 1282 in
1503 1225 1567 1313 sinu

392 1333 520 1393 omnium
534 1330 641 1393 Christi
654 1329 783 1391 fidelium
796 1330 926 1405 reposita
940 1331 992 1403 sit,
1010 1330 1089 1403 quod
1108 1328 1238 1390 dominns
1253 1346 1307 1391 sua
1320 1329 1351 1389 in
1371 1333 1481 1390 emmo
1504 1326 1568 1388 iun-

393 1439 514 1500 daverit.

481 1544 592 1616 sarem
607 1554 643 1603 ex
657 1541 774 1615 amma
790 1558 876 1616 quam
890 1539 1071 1602 arrasam
1084 1539 1260 1601 habebamus
1281 1536 1428 1600 eneam
1444 1522 1568 1601 arrasa

393 1666 456 1709 mus
471 1666 545 1709 uuor
559 1654 591 1709 et
604 1664 658 1722 ego
673 1654 835 1709 ceterorum
853 1647 959 1723 inopiae
978 1646 1194 1722 subvenientes,
1216 1663 1273 1720 quo
1295 1651 1392 1707 essent
1405 1646 1491 1707 initia
1505 1646 1568 1706 the·
1657 1690 1660 1699 .

393 1755 473 1815 sauri
487 1755 538 1828 qui
552 1753 770 1829 congregandus
786 1760 850 1814 erat
863 1755 895 1813 in
909 1768 992 1812 usum
1006 1767 1176 1827 pauperum.

481 1857 509 1917 A
523 1858 645 1932 prandio
661 1857 691 1917 d.
706 1857 821 1933 Aoum,
837 1858 929 1932 petita
943 1874 962 1919 a
977 1857 1092 1919 domina
1106 1874 1191 1919 soeru
1209 1862 1240 1918 et
1259 1857 1343 1919 nobis
1357 1858 1443 1919 venia
1459 1859 1569 1921 Salvel-

393 1962 470 2023 diam
484 1978 619 2023 reversus
634 1966 686 2022 est.

482 2068 570 2141 Nota,
593 2069 723 2143 proximo
745 2067 821 2129 bello
844 2065 1002 2144 Oaspmum
1022 2068 1157 2143 Aquilam
1180 2068 1211 2127 in
1231 2084 1326 2129 arcem
1348 2070 1572 2146 Sebvsrtuburg

394 2174 539 2248 avolasse,
563 2171 641 2247 quod
661 2188 693 2233 se
712 2189 831 2247 parvam
849 2173 976 2247 equiem
1000 2174 1089 2235 verbo
1109 2174 1217 2236 domini
1235 2190 1355 2250 magnas
1376 2176 1441 2237 illas
1457 2178 1572 2252 aquilas

395 2294 532 2354 superero
546 2285 577 2340 et
590 2279 705 2339 vincere
719 2294 804 2353 posse
818 2279 988 2355 scripsisset
1027 2279 1218 2355 Quamobrem
1238 2296 1292 2355 per
1307 2296 1406 2341 omnes
1422 2286 1452 2341 et
1467 2282 1570 2343 domos

395 2390 426 2445 et
437 2385 565 2446 latebras
579 2390 610 2445 et
623 2386 655 2443 in
668 2385 739 2459 ipsis
753 2386 876 2445 turrium
889 2385 1051 2461 pinnaeulis
1066 2387 1204 2459 quaesitus
1218 2391 1263 2445 est
1276 2386 1314 2447 ab
1328 2386 1420 2447 Iberis
1435 2386 1510 2449 istis.

452 2486 455 2491 ’
486 2489 648 2550 Collocutus
670 2494 715 2550 est
736 2489 886 2551 nobiseum
906 2490 983 2550 idem
1006 2489 1112 2565 aquila
1134 2492 1170 2552 de
1191 2491 1299 2565 libello,
1323 2508 1409 2567 quem
1429 2491 1467 2551 de
1488 2499 1571 2553 utro·

396 2610 454 2669 que
476 2594 522 2655 vel
544 2595 651 2669 duplioi
671 2598 777 2658 umore
798 2595 860 2672 (lei,
891 2597 928 2657 (le
950 2594 1046 2656 filiolis
1069 2600 1098 2659 ei
1120 2598 1218 2657 servili
1238 2597 1371 2659 babendo
1392 2613 1455 2672 prae
1479 2599 1572 2658 maui-

351 2712 355 2721 ·
398 2698 453 2761 bus
466 2701 564 2761 babet

483 2806 596 2868 Eadem
611 2804 723 2867 Gallum
737 2806 895 2869 Humentes
910 2813 941 2868 et
954 2807 1096 2869 Joauuem
1111 2806 1278 2869 Galaeterm
1292 2807 1483 2883 praemisimus
1499 2808 1574 2869 Aru·

395 2910 519 2973 staoiium
533 2912 572 2973 ad
585 2910 775 2987 reeupiendaa
789 2914 926 2988 peeunias
942 2919 996 2975 eto.

484 3018 563 3079 Nota
577 3018 614 3078 (le
627 3017 831 3077 controversiis
844 3017 921 3077 inter
934 3018 1068 3093 Aquilam
1081 3024 1112 3079 et
1125 3024 1277 3079 venatores
1291 3019 1417 3079 tremes.

485 3122 610 3183 Domina
632 3138 731 3183 soerus
753 3128 900 3183 matronas
918 3123 1099 3187 honestiores
1118 3124 1198 3186 urbis
1220 3124 1403 3185 Rudelstadii
1424 3124 1456 3183 in
1475 3141 1573 3185 areem

328 3213 333 3223 ’
396 3224 435 3287 ad
449 3243 563 3289 coenam
576 3228 699 3289 vocavit

485 3333 513 3394 A
532 3350 616 3395 ooena
635 3334 748 3393 eborea
770 3340 801 3395 et
818 3336 945 3411 repotia,
974 3341 1041 3411 post
1058 3336 1171 3411 repotia
1193 3350 1307 3395 rursum
1326 3332 1440 3393 ehoreae
1464 3334 1572 3394 habita

397 3445 479 3513 suut3
495 3442 591 3501 omnia
600 3455 710 3501 eumeo
725 3439 837 3517 decore,
853 3446 886 3501 ut
898 3441 1034 3502 honestas
1048 3446 1195 3501 matronas
1210 3447 1241 3500 et
1253 3441 1379 3515 virgines
1395 3439 1490 3513 decet,
1507 3456 1573 3515 per-

397 3550 463 3606 aeta
481 3553 557 3607 suut.
609 3544 772 3607 adfuerunt
790 3552 821 3607 et
838 3545 976 3607 Albertus
990 3546 1086 3607 Draoo
1106 3551 1135 3607 ei
1149 3546 1324 3609 Laurentius
1344 3552 1374 3607 et
1393 3545 1572 3606 Leonardus

398 3650 535 3713 Telonius
552 3652 655 3713 etalii

486 3756 556 3831 xviij
569 3756 642 3817 Julii
655 3757 784 3819 Joannes
799 3756 962 3817 Osmunvlns
981 3755 1124 3818 thalerum
1145 3756 1200 3817 sibi
1220 3756 1285 3817 dari
1307 3757 1404 3833 potiit,
1426 3762 1457 3817 et
1471 3756 1571 3817 stabu-

397 3860 471 3923 lario
485 3878 585 3922 socrus
599 3878 720 3922 aureum
733 3878 848 3937 quoque
862 3877 1008 3921 nummum
1024 3860 1163 3921 dedimus.

486 3965 597 4027 Eadem
610 3967 776 4042 oompositis
790 3968 911 4027 sarcinis
926 3967 980 4029 deo
996 3966 1112 4043 auspice
1126 3968 1183 4027 iter
1197 3965 1372 4027 Rbembdam
1388 3982 1501 4041 versus,
1517 3967 1570 4026 ibi·

399 4069 462 4130 dem
477 4071 612 4145 pransuri
631 4077 718 4145 atque
731 4070 883 4132 Armatadii
896 4074 1108 4147 pernoctaturi,
1127 4071 1256 4146 arripere
1271 4072 1431 4133 statuimus.
1471 4072 1570 4131 Prinm

397 4182 495 4237 autem
507 4174 585 4236 redes
599 4176 712 4237 Alberti
725 4182 857 4251 potem
872 4193 936 4237 eum
951 4193 985 4239 eo
1000 4177 1138 4238 derebus
1152 4178 1235 4237 seriis
1249 4176 1434 4250 contulimus,
1451 4178 1504 4251 qui
1519 4191 1571 4235 nos

398 4283 430 4341 in
442 4296 538 4343 aream
552 4284 756 4345 eonoomitatus
766 4283 946 4357 jentaculum
960 4283 1107 4345 uobiscum
1122 4282 1249 4355 sumpsit
1287 4279 1315 4340 A
1327 4281 1478 4354 jentaculo
1492 4280 1568 4339 idem

398 4386 535 4448 Albertus
548 4394 581 4447 ut
593 4404 764 4464 prosperum
778 4388 835 4449 iter
848 4394 879 4449 et
891 4394 988 4449 oetera
1001 4387 1097 4479 ieliqia
1110 4386 1192 4448 nobis
1212 4388 1360 4447 evenirent
1381 4403 1401 4446 a
1416 4386 1472 4446 deo
1486 4390 1570 4461 patre

398 4507 452 4566 per
466 4491 611 4552 Obrismm
622 4500 759 4570 precatus
773 4498 827 4569 est,
842 4508 878 4553 ae
891 4492 1012 4553 invicem
1025 4472 1108 4555 nobis
1124 4492 1321 4553 valediximus.

486 4597 600 4659 Boium
619 4598 712 4659 Anum
730 4600 833 4661 Marte
854 4604 884 4660 et
896 4596 1047 4661 Fritlerioo
1062 4600 1098 4663 de
1111 4600 1190 4660 Hoia
1204 4615 1268 4659 eum
1287 4600 1345 4661 suis
1359 4596 1478 4659 familiis
1493 4596 1570 4657 vale·

398 4702 528 4763 siiosutes
541 4720 631 4779 equos
645 4704 869 4765 oousoeudimus.
922 4703 1051 4765 Deduxit
1070 4710 1166 4767 autem
1185 4721 1238 4765 nos
1260 4704 1375 4766 domina
1390 4721 1489 4767 soorns
1504 4718 1570 4761 eum

399 4804 511 4869 duabus
525 4806 640 4875 filiabus
654 4815 685 4873 et
698 4811 830 4887 nymphis
844 4810 913 4873 suis.
