3700 5692
837 718 936 787 arr

307 901 402 963 Nemo
416 908 513 963 autem
527 901 574 961 hio
588 901 690 963 adeum
703 905 945 977 praecessorum,
961 916 1081 963 uxorem
1093 906 1124 963 et
1136 918 1198 964 nos.
1221 900 1296 961 Acta
1304 900 1485 963 Rudelstadii

311 1011 351 1069 16
369 1008 417 1067 die
430 1008 503 1068 iulii
521 1024 599 1070 anno
621 1008 729 1070 domini
752 1009 845 1067 1548.
884 1006 933 1066 Sic
950 1008 1021 1068 deus
1041 1006 1174 1083 providet
1194 1008 1253 1067 suis
1272 1008 1359 1068 etium
1378 1007 1486 1081 incogi-

307 1114 448 1186 tantibus,
465 1115 512 1173 oui
526 1114 699 1187 sempiterna
712 1114 776 1175 laus
791 1117 821 1173 et
836 1113 929 1187 gloria
944 1113 974 1171 in
988 1114 1085 1174 secuda
1100 1113 1269 1173 seculorum.
1291 1112 1394 1173 Amen.

396 1220 510 1280 Eadem
531 1220 727 1293 Sigismundns
749 1218 918 1279 aHolbaoh
938 1219 1051 1279 litteras
1072 1220 1293 1281 renuntiationis
1316 1219 1410 1293 sigillo
1433 1232 1485 1279 suc

308 1324 512 1385 corroboratas
537 1325 648 1384 remisit
676 1329 705 1384 at
732 1341 785 1400 per
813 1323 969 1385 Otthouem
1001 1325 1038 1386 ab
1065 1326 1249 1399 Entuanberg
1283 1338 1335 1385 nos
1365 1324 1486 1388 mutari

303 1431 403 1507 jussit

398 1535 499 1595 Justus
513 1534 604 1609 Sophi
615 1534 787 1594 Salseldinm
802 1536 840 1595 ad
849 1535 1062 1611 Wolligaugum
1078 1536 1208 1596 comitem
1223 1540 1266 1595 est
1280 1536 1383 1597 missus
1397 1535 1485 1597 atilli

307 1642 484 1716 minuam,
506 1644 540 1699 ut
558 1640 722 1713 magistrum
739 1639 897 1717 Casparum
911 1642 1047 1717 Aquilam
1066 1642 1239 1718 parrochum
1258 1648 1288 1703 ct
1302 1646 1482 1717 superatten-

309 1747 471 1808 dentemin
486 1744 613 1805 salveldt
630 1759 727 1804 secum
740 1744 906 1807 adduceret.
1456 1768 1459 1775 ⁴

398 1849 511 1910 Eodem
530 1865 634 1909 aureos
664 1856 775 1926 septem
797 1852 828 1911 in
848 1851 1035 1914 honorarium
1057 1852 1185 1926 gynaeoei
1211 1870 1265 1928 par
1287 1869 1406 1915 uxorem
1434 1852 1484 1914 de·

309 1955 416 2017 dimus.
771 1937 779 1951 ⁸

399 2060 489 2120 Dedit
502 2057 586 2119 nobis
601 2076 699 2120 socrus
715 2060 882 2134 molossum,
903 2062 952 2135 qni
966 2061 997 2121 in
1011 2062 1124 2123 stabulo
1139 2048 1255 2136 vigilias
1266 2066 1375 2137 ageret.
1406 2063 1485 2125 Nota

307 2165 516 2226 nudiustertius
538 2166 648 2241 legatos
669 2165 772 2225 ducum
786 2156 964 2226 Pomeraniee
983 2169 1086 2227 iterum
1105 2167 1142 2227 ab
1156 2166 1287 2241 Augusta
1306 2184 1437 2228 reversos
1453 2174 1483 2228 et

307 2272 340 2330 in
362 2270 507 2331 Salveldia
524 2272 685 2344 hospitatos
705 2270 803 2331 fuisse.
842 2271 902 2332 Sub
922 2288 1028 2332 nonam
1050 2273 1187 2347 magister
1212 2272 1355 2347 (iasparus
1378 2271 1485 2345 Aquila

307 2376 495 2451 Augustanus
509 2378 668 2451 parrochus
688 2379 719 2435 in
735 2376 878 2437 Salueldia
897 2381 928 2436 et
946 2376 1184 2453 superintendens
1205 2377 1354 2439 addulam
1372 2376 1483 2438 Radal-

309 2482 436 2543 stadium
449 2484 541 2559 uenit,
563 2484 648 2543 homo
664 2488 694 2542 et
708 2482 885 2542 doctissimus
899 2486 931 2541 et
948 2484 1074 2543 omnium
1093 2482 1243 2556 horarum,
1267 2487 1374 2556 praeter
1387 2487 1485 2543 tamen

308 2589 490 2648 indecentem
505 2588 703 2663 petulantiam.

400 2690 579 2768 Significavit
592 2693 674 2753 nobis
689 2692 790 2760 eadem
804 2708 898 2753 comes
913 2694 1112 2769 Woldgangus
1127 2710 1146 2754 a
1160 2691 1297 2753 Gleiehen
1312 2694 1340 2754 d.
1358 2691 1484 2753 Christo-

309 2800 434 2873 phornm
448 2799 602 2870 Housman,
615 2794 625 2831 ¹
641 2800 690 2872 qui
701 2800 762 2873 jam
777 2798 815 2859 ad
829 2816 920 2859 annos
936 2800 1045 2875 aliquot
1059 2800 1251 2861 illustrissimo
1264 2799 1371 2861 Joanui
1382 2798 1485 2859 Fride·

253 2944 259 2954 -
309 2905 371 2964 rico
386 2902 502 2964 electori
518 2904 582 2963 duci
598 2904 732 2963 Saxoniae
747 2920 766 2963 a
779 2906 963 2967 concionibus
978 2909 1067 2967 sacris
1082 2908 1150 2983 fuit,
1167 2908 1228 2981 ojus
1243 2906 1339 2965 aulam
1354 2905 1439 2964 etiam
1454 2906 1485 2965 in

309 3008 478 3084 captivitate
492 3014 620 3083 secutus,
642 3014 710 3069 ante
724 3025 831 3081 paucos
845 3011 913 3071 hinc
936 3013 998 3073 dias
1018 3016 1134 3075 caesaris
1145 3013 1229 3087 jussu
1242 3011 1402 3085 Augustam
1416 3008 1484 3068 rali-

308 3113 406 3185 quisse
420 3118 450 3172 et
469 3114 524 3173 hac
537 3115 601 3188 ipsa
619 3119 702 3175 nocte
720 3114 751 3171 in
766 3114 910 3174 Salveldia
929 3123 1135 3188 pernoctatum.
1174 3118 1221 3177 Sic
1240 3123 1336 3177 autom
1357 3116 1482 3175 evasisse

309 3216 429 3291 dicitur,
450 3222 483 3277 ut
496 3223 635 3278 matronae
649 3219 777 3279 honestae
792 3235 883 3295 opera
896 3226 1069 3294 personatus
1084 3236 1119 3280 ac
1133 3220 1224 3279 barba
1239 3222 1270 3279 iu
1284 3219 1421 3279 comicum
1436 3236 1483 3279 rc·

308 3318 386 3380 flexa
401 3322 531 3383 muliebri
547 3330 651 3383 ornatu
665 3329 696 3383 et
710 3326 816 3386 amictu
829 3324 956 3400 indutus,
974 3325 1042 3385 dato
1058 3324 1100 3383 illi
1115 3324 1145 3384 in
1159 3325 1215 3383 hoc
1228 3322 1367 3397 uehiculo,
1384 3324 1425 3381 sic
1439 3324 1483 3381 in·

309 3427 440 3501 cognitus
454 3429 553 3489 urbem
567 3444 699 3503 egressus
714 3432 759 3491 sit.
797 3432 882 3491 Nunc
901 3435 998 3491 autem
1016 3436 1097 3491 recta
1111 3429 1279 3490 Wimariam
1299 3426 1336 3487 ad
1351 3427 1484 3487 electoris

309 3529 385 3591 filios
400 3532 520 3593 tendere
535 3536 648 3596 dicitur.

398 3637 471 3697 Item
494 3638 571 3701 tuma
591 3649 724 3703 constans
744 3648 789 3702 est
807 3642 938 3701 civitates
962 3640 1095 3701 Saxoniae
1114 3644 1144 3699 et
1163 3655 1212 3699 ess
1234 3639 1283 3713 qui
1303 3654 1334 3698 su
1354 3638 1390 3699 de
1413 3652 1482 3697 con·

309 3744 401 3803 sertio
422 3744 523 3805 Hanso
552 3746 713 3821 gloriantur
739 3746 840 3806 rursus
869 3746 905 3805 da
933 3743 1157 3819 redintegrando
1179 3742 1289 3804 loedere
1317 3738 1484 3803 sollicitos⁸

309 3864 386 3923 esse,
403 3865 434 3909 se
449 3851 545 3910 omnia
558 3850 698 3928 iacturas,
719 3870 784 3927 quae
799 3868 890 3911 caesar
904 3851 942 3911 ab
956 3852 1006 3925 iis,
1022 3855 1082 3909 tam
1095 3848 1246 3909 facultates
1262 3865 1347 3921 quam
1362 3865 1485 3923 corpora

308 3937 496 4030 coucemuut,
508 3956 622 4032 iubeat,
643 3973 741 4017 verum
757 3955 986 4016 consideratione
1002 3954 1122 4029 periculi
1137 3956 1295 4015 animarum
1310 3955 1388 4029 ipsas
1404 3953 1483 4015 haud

308 4074 394 4132 posse
407 4060 584 4121 interimenti
599 4064 716 4123 interim
730 4063 902 4122 consentire.
933 4060 1004 4119 Haec
1019 4076 1050 4121 sa
1065 4062 1107 4121 ita
1120 4060 1228 4123 habere
1244 4060 1272 4121 d.
1287 4059 1394 4135 Aquila
1408 4076 1479 4133 quo·

308 4178 366 4235 que
380 4162 567 4226 confirmavit.
680 4195 685 4207 ·

397 4268 444 4329 De
457 4276 536 4332 statu
550 4273 671 4335 senioris
686 4271 819 4333 electoris
833 4273 875 4331 sic
889 4287 922 4331 sa
937 4286 985 4331 res
1000 4270 1096 4332 habet.

368 4355 371 4362 ¹
398 4374 427 4434 iv
442 4375 513 4435 Julii
532 4379 661 4452 proxime
680 4377 794 4450 elapsa,
814 4378 869 4437 hoo
890 4382 934 4437 est
954 4377 1000 4437 die
1021 4376 1102 4436 lovis
1124 4379 1190 4449 post
1209 4374 1340 4435 Udalrici
1358 4390 1485 4437 caesarea

307 4478 444 4552 moerus
459 4481 603 4541 dominum
622 4482 658 4542 ds
674 4481 855 4544 Grandevela
873 4500 938 4543 oum
958 4482 1069 4543 duobus
1089 4478 1155 4539 filiis
1170 4486 1200 4540 et
1213 4480 1360 4542 doctorem
1375 4480 1484 4555 Philip·

890 4691 906 4728 *

385 4816 398 4864 1
419 4809 581 4864 Hoffmann?
636 4816 651 4863 2
671 4808 841 4865 isollioitasi
859 4809 995 4879 pollicitus
1014 4824 1072 4861 essa
1090 4824 1127 4861 sa.
