3700 5692
296 938 365 997 tuuis
382 936 628 999 mindoooutbus
654 936 790 1011 pulsetis,
814 941 845 996 et
864 938 921 1011 ipsi
942 937 1039 1027 omnia
1059 940 1244 1016 promittant,
1266 940 1339 1001 nihil
1357 948 1456 1003 tamen

297 1043 404 1102 oderim
426 1040 484 1103 liet
523 1042 600 1103 Nam
622 1043 861 1117 quemadmodum
886 1042 992 1103 asellus
1015 1043 1082 1103 licet
1104 1045 1265 1108 stimuletur
1288 1052 1318 1107 et
1341 1048 1458 1122 reputet

295 1148 328 1207 sb
344 1164 472 1223 agasone,
494 1154 593 1209 tamen
613 1147 714 1209 eodem
734 1149 781 1206 cui
803 1154 933 1209 manetur
955 1153 1000 1209 est
1020 1149 1134 1209 incessu
1153 1152 1262 1213 incedit
1284 1157 1314 1213 et
1333 1154 1456 1215 eundem

295 1256 390 1326 erret,
412 1253 454 1315 ita
473 1253 561 1327 ethi,
585 1253 711 1315 obturati
726 1252 763 1313 sd
778 1252 930 1324 clamores,
954 1268 1006 1313 ano
1027 1270 1112 1315 cursu
1125 1272 1173 1315 res
1191 1264 1342 1335 peragunt.
1379 1256 1455 1319 Nam

294 1357 349 1431 ipse
367 1372 428 1432 ego,
449 1358 557 1433 inquit,
581 1364 705 1432 quotuor
725 1360 891 1434 septimanis
911 1360 1006 1419 miuus
1027 1376 1134 1421 annum
1155 1361 1203 1421 hic
1222 1364 1368 1439 tramigo,
1392 1362 1455 1423 fere

295 1461 490 1537 adeognarns,
514 1464 848 1524 atcnmhuoreuerim.

369 1565 491 1629 Domine
512 1568 605 1644 Deua,
634 1571 770 1643 qnoniam
788 1575 919 1645 tempore
939 1572 1106 1633 tentationis
1127 1573 1311 1647 multijurio
1338 1572 1390 1635 lilii
1411 1576 1454 1635 tui

294 1672 401 1733 vebum
421 1676 609 1749 respicientes
631 1672 669 1733 ad
692 1677 835 1749 potonem
860 1682 890 1737 et
912 1676 1054 1737 elementa
1077 1678 1178 1739 mundi
1198 1680 1283 1754 hujus
1303 1680 1453 1755 recedunt,

294 1778 357 1839 odeo
368 1785 410 1855 ut,
433 1780 484 1853 qui
498 1779 607 1853 aliquid
619 1782 696 1839 inter
709 1784 775 1840 tuos
789 1796 854 1839 ease
868 1780 1050 1855 videbuntur,
1073 1800 1150 1843 nunc
1163 1786 1312 1860 propalam
1327 1786 1455 1849 ecculm
1561 1798 1565 1805 ·

292 1884 403 1959 amplexi
420 1890 539 1945 suntet
557 1901 621 1945 eum
635 1885 729 1945 corvis
749 1887 890 1946 crocitant
909 1892 940 1947 et
960 1903 1024 1947 cum
1042 1890 1122 1948 ranis
1142 1897 1274 1963 coaxant,
1296 1896 1325 1951 te
1345 1892 1452 1953 eximo

292 1996 396 2062 pectore
421 2007 477 2065 per
504 1991 625 2051 eundem
646 1991 832 2051 liberatorem
859 1988 950 2050 tilium
975 1997 1057 2053 tuum
1083 1992 1279 2069 benedictm,
1308 1994 1452 2057 domiuum

292 2100 409 2154 nostrum
428 2095 532 2155 Jesnm
551 2094 697 2154 Christum
716 2096 865 2171 deprecor,
888 2094 974 2157 fidem
993 2114 1085 2157 meam
1104 2098 1217 2173 wenge
1236 2104 1266 2160 et
1280 2100 1396 2175 suscito,
1418 2104 1453 2175 ut

291 2199 337 2259 tibi
355 2216 416 2259 eum
436 2200 543 2259 timore
564 2205 665 2259 sancto
685 2201 794 2261 semine
817 2206 847 2260 et
867 2202 921 2261 tibi
945 2202 1072 2276 jubilare
1099 2218 1216 2277 queam,
1245 2210 1335 2279 utque
1357 2206 1451 2265 animo

291 2298 380 2365 fidenti
393 2312 424 2365 et
435 2306 507 2365 laeto
521 2321 587 2365 cum
599 2322 684 2366 servo
697 2310 748 2367 tuo
762 2306 875 2366 Doride
891 2323 995 2367 canere
1009 2308 1129 2381 possim:
1154 2309 1185 2369 Si
1204 2314 1233 2369 te
1253 2309 1357 2385 habeo,
1380 2298 1452 2370 nilis

290 2424 375 2469 moror
388 2412 434 2473 uel
450 2411 555 2471 coelum
575 2411 622 2470 vel
639 2416 756 2487 terreus,
779 2414 877 2485 sicque
895 2418 1024 2473 mortuos
1043 2414 1165 2488 sepelire
1186 2430 1253 2473 snos
1267 2420 1396 2475 mortuos
1411 2416 1449 2473 si·

291 2531 362 2590 mm,
383 2518 433 2591 qni
455 2516 529 2575 rivis
543 2520 574 2573 et
587 2532 691 2591 regnas
709 2533 774 2577 eum
793 2517 893 2577 eodem
912 2516 973 2579 lilio
993 2522 1023 2577 et
1041 2535 1065 2576 s.
1082 2520 1187 2593 spiritu
1204 2521 1236 2579 in
1251 2521 1348 2579 secula
1361 2520 1450 2580 Deus.

366 2622 393 2696 vj
408 2621 486 2695 Maji
500 2624 532 2681 in
545 2622 652 2695 templo
664 2622 797 2683 Mauritii
811 2629 878 2700 post
891 2640 980 2683 unum
994 2630 1045 2683 aut
1058 2626 1180 2686 alterum
1194 2627 1334 2700 psalmum
1347 2626 1451 2685 decau-

288 2727 370 2785 tstmn
382 2727 475 2787 lector
490 2726 641 2787 ambonem
655 2730 849 2789 conscendens
864 2729 992 2792 ecclesiae
1010 2732 1050 2789 13
1066 2735 1154 2806 capnt
1165 2730 1271 2791 Matth.
1286 2732 1366 2806 legit,
1382 2746 1450 2793 con·

287 2824 429 2891 tensionem
452 2833 597 2907 publicem
617 2835 807 2908 prescripsit,
836 2839 867 2893 et
889 2836 1038 2909 quoniam,
1067 2837 1177 2911 inquit,
1206 2838 1332 2897 salutare
1353 2842 1397 2897 est
1421 2839 1453 2895 st

288 2932 391 2996 domiuo
411 2937 480 2997 Deo
499 2943 599 2997 nostro
618 2938 755 3011 placitum
774 2944 804 2999 et
824 2947 986 3016 acceptum,
1011 2941 1224 3003 obsecrationes
1243 2958 1297 3016 pro
1319 2940 1452 3000 omnibns

287 3035 357 3117 ieri,
378 3044 455 3103 siem
475 3047 506 3101 et
524 3044 648 3118 apostoli
667 3044 835 3104 docuerunt
874 3046 996 3105 Oremus
1016 3049 1107 3123 igitur
1125 3064 1178 3122 pro
1201 3046 1325 3121 cesus,
1348 3046 1452 3121 inquit,

288 3149 349 3220 cto,
370 3153 400 3207 et
420 3163 505 3209 more
526 3154 663 3208 consueto
685 3155 791 3209 caetera
814 3156 982 3223 prosecutus
1004 3158 1057 3212 est.
1094 3152 1209 3213 Deinde
1230 3156 1309 3212 catut
1331 3152 1453 3212 ecclesia

287 3253 418 3312 meeum
437 3253 477 3313 de
496 3254 677 3312 invocatione
697 3256 815 3327 spiritus
829 3270 853 3313 s.
870 3260 900 3313 et
913 3254 943 3315 d
958 3254 1106 3316 Musonius
1120 3260 1258 3317 inuocato.
1265 3256 1321 3317 Dei
1335 3258 1465 3316 nomine.

288 3358 512 3430 explanationem
534 3359 636 3431 capitis
658 3359 761 3419 decimi
784 3361 877 3435 quinti
896 3359 1018 3419 loannis
1040 3362 1224 3435 evangeliste
1244 3362 1367 3435 incepit,
1390 3361 1453 3419 haec

287 3462 366 3522 rerba
378 3467 521 3523 recitans:
547 3463 630 3537 «nge
646 3480 708 3523 sum
722 3466 790 3523 ritis
804 3480 874 3524 reru
889 3470 919 3525 et
932 3471 1017 3540 pater
1030 3481 1110 3525 meus
1125 3465 1253 3541 agricola
1268 3470 1323 3536 est,
1340 3478 1452 3525 ornnem

287 3566 425 3639 palmitem
445 3571 478 3627 in
500 3585 545 3627 me
566 3585 625 3628 non
645 3568 786 3629 terentem
802 3568 927 3644 finctum
949 3570 1117 3644 amputabit,
1141 3576 1170 3630 et
1185 3586 1296 3629 omnem
1310 3568 1450 3629 ferentem

286 3665 400 3733 iurum
415 3674 564 3749 purgabit,
579 3679 613 3733 ut
626 3675 790 3735 uberiorem
804 3674 928 3735 fructum
947 3680 1063 3749 gerat«
1093 3674 1147 3735 His
1161 3675 1296 3750 perlectis
1317 3690 1370 3749 per
1389 3685 1449 3759 mo-

289 3774 350 3835 dum
362 3778 477 3853 epilogi
487 3795 551 3853 quae
565 3782 598 3839 iu
611 3783 706 3855 eapite
725 3783 775 3854 12,
801 3784 840 3839 13
857 3786 887 3841 et
903 3784 945 3840 14
961 3780 1099 3841 docuerat
1117 3781 1235 3856 repetiit
1254 3784 1284 3839 et
1302 3785 1373 3839 tunc
1385 3784 1449 3839 tau-

287 3885 342 3940 tmn
354 3899 418 3943 eam
432 3886 620 3958 senteutiam,
646 3885 731 3960 «Ego
744 3902 808 3943 snm
821 3888 889 3947 vitis
903 3903 974 3947 vera
988 3891 1018 3947 et
1031 3891 1116 3961 peter
1130 3900 1210 3945 meus
1233 3884 1361 3961 agricola
1376 3889 1454 3959 eam,

289 3987 493 4061 explanandum
507 3991 641 4063 suscepit,
663 3990 808 4049 disserens
820 3992 912 4051 multa
930 3990 966 4051 de
985 3991 1039 4051 hec
1060 3990 1252 4065 pulcherrima
1267 3991 1453 4051 similitudine

289 4094 315 4147 et
326 4095 540 4169 compuroticne
555 4092 661 4153 Christi
674 4093 713 4153 ad
726 4097 823 4155 vitem
853 4096 936 4168 Item,
961 4111 1051 4169 quare
1072 4095 1203 4155 Christus
1222 4113 1275 4171 per
1294 4095 1454 4155 similitudi·

289 4208 334 4255 nes
350 4197 431 4273 loqm
451 4199 594 4273 maluerit,
618 4200 692 4258 hanc
705 4201 831 4263 reddens
853 4202 916 4275 eius
936 4202 980 4261 rei
998 4202 1155 4276 rationem,
1178 4201 1312 4261 nimirum
1332 4200 1454 4275 mandis

289 4314 355 4377 ests,
378 4304 415 4364 de
430 4303 536 4377 quibua
551 4303 681 4363 Christus
700 4322 754 4381 per
772 4305 929 4383 parabolus
947 4307 1060 4365 locutus
1080 4308 1126 4379 sit,
1148 4311 1304 4380 propterea
1318 4304 1395 4377 quod
1408 4304 1454 4363 ha

287 4400 393 4470 taedius
415 4424 436 4469 e
462 4409 636 4484 simplicibus
664 4412 829 4484 capiantur,
857 4415 888 4471 et
908 4412 1000 4486 magis
1028 4412 1124 4472 animo
1150 4410 1290 4469 heroem.
1328 4410 1455 4467 Innuens

290 4506 429 4573 Christum
443 4513 564 4575 subinde
577 4515 828 4575 assimilatiouibua
847 4532 939 4589 usum,
963 4520 998 4575 ut
1014 4531 1080 4573 curn
1100 4511 1131 4575 se
1146 4514 1241 4571 orium
1256 4514 1366 4587 postor-i
1380 4528 1456 4573 com·

288 4624 377 4693 ittet,
399 4622 562 4696 seminanti,
584 4618 658 4681 fonti
671 4636 755 4695 oque
767 4621 845 4695 vitae,
868 4621 937 4695 pani
950 4620 1062 4679 coelesti
1079 4625 1145 4693 etc,
1168 4616 1292 4677 dilucide
1312 4622 1454 4679 eunoicus

288 4717 318 4777 in
334 4724 440 4794 quibus
457 4726 597 4802 capitibus
612 4732 642 4785 et
655 4726 726 4786 locis
745 4724 997 4799 evangelistarum
1017 4724 1136 4799 singulm
1155 4724 1383 4797 comparationes
1401 4722 1454 4783 ho·

289 4821 437 4913 horestus,
458 4832 507 4907 pie
529 4831 696 4907 pariterue
718 4831 801 4892 docte
824 4846 874 4891 eas
896 4830 1003 4890 cursim
1024 4830 1185 4919 mucidam,
1212 4831 1456 4908 precipiebam,

1196 4935 1214 4993 5
1225 4932 1241 4968 i*
