3700 5692
864 750 927 817 189

307 938 377 1006 tum,
392 930 423 991 in
439 949 496 1006 quo
510 931 662 1007 sperabam
675 930 729 989 has
744 934 928 990 caeremonias
942 930 1016 991 lieri.
1048 930 1105 991 Sed
1125 937 1158 990 ιιι
1177 934 1379 1007 trapasitarius
1401 934 1480 997 venit

306 1036 430 1097 afferens
444 1039 568 1097 aulaeum
581 1037 654 1095 illud
668 1041 736 1096 antc
750 1037 858 1109 sellam,
876 1053 940 1109 qnae
950 1036 1133 1110 adparietcm
1142 1038 1237 1112 posita
1247 1044 1318 1114 erat,
1335 1044 1476 1115 sternens,

306 1160 495 1217 superquam
510 1141 627 1201 affixum
641 1147 705 1201 erat
719 1141 841 1199 aularum
855 1142 936 1200 aliud
951 1158 987 1200 ex
1000 1156 1071 1202 auro
1086 1155 1159 1214 puro
1179 1148 1259 1217 puto,
1270 1148 1299 1201 et
1318 1144 1478 1204 holoserico

306 1253 482 1321 contextum,
499 1248 618 1321 cognovi
632 1246 740 1305 ibidem
754 1262 886 1319 pompam
900 1247 975 1306 hanc
989 1245 1123 1306 futuram.
1151 1247 1258 1307 Videns
1273 1253 1368 1307 autem
1384 1266 1478 1309 mare-

305 1352 438 1411 schalcus
452 1352 629 1426 Papenheim
644 1353 768 1410 omniurn
791 1352 889 1409 oculos
911 1352 943 1409 in
962 1367 1008 1409 me
1027 1353 1151 1411 intentos
1173 1368 1250 1424 esse,
1275 1354 1329 1411 ait:
1353 1352 1477 1413 Domine

305 1472 412 1530 comes,
427 1458 531 1515 melina
544 1456 648 1515 feceris
663 1457 688 1513 si
701 1457 732 1513 in
747 1453 973 1527 hybernacnlum
988 1462 1056 1514 ante
1071 1457 1204 1515 atriolum
1214 1457 1362 1531 concedas,
1378 1462 1408 1515 et
1422 1474 1477 1531 ego

303 1562 354 1620 nbi
369 1564 529 1635 imperator
541 1562 589 1620 hic
604 1562 764 1620 consederit
784 1565 886 1632 aperto
906 1560 980 1619 ostio
1000 1565 1033 1618 ut
1055 1560 1228 1620 commodius
1251 1562 1477 1635 geniculationes

302 1664 401 1725 facere
421 1682 510 1739 queas
528 1670 559 1723 te
579 1682 730 1725 accersam.
761 1665 856 1723 Pareo
878 1665 969 1737 igitur
986 1667 1121 1725 monenti.
1153 1666 1263 1725 Doctor
1280 1682 1351 1725 vero
1370 1666 1476 1725 Petrus

302 1788 321 1829 a
336 1770 495 1829 Malvenda
509 1771 667 1844 composito
681 1770 761 1829 vultu
776 1784 821 1827 me
836 1768 975 1827 accedens
991 1770 1100 1829 salvere
1112 1770 1207 1843 jussit.
1230 1770 1328 1829 Prima
1340 1766 1413 1829 facie
1428 1786 1475 1829 me

301 1877 407 1935 andire
422 1875 611 1947 dissimulavi,
633 1891 732 1933 verum
747 1888 811 1930 cum
825 1850 952 1931 viderem
968 1890 1032 1931 eum
1051 1890 1139 1932 manu
1160 1874 1288 1934 detracta
1311 1875 1476 1934 chirotheca

300 1981 424 2054 propius
439 1980 586 2053 accedere,
603 1980 734 2038 dextram
748 1978 790 2036 illi
805 1978 925 2051 praebui.
954 1978 1016 2036 Nec
1031 1978 1108 2037 alind
1124 1979 1279 2052 quidquam
1294 1979 1376 2037 nohis
1390 1980 1473 2053 dixit,

300 2084 372 2141 nisi:
396 2084 461 2157 Ego
477 2100 527 2142 vos
543 2100 602 2142 non
616 2084 769 2156 impediam
785 2081 866 2157 (quid
880 2082 935 2141 sihi
949 2081 995 2140 his
1008 2084 1104 2142 verbis
1118 2084 1250 2157 voluerit,
1267 2082 1411 2154 Diespiter
1425 2084 1475 2141 ille

300 2188 434 2247 Iherieus
447 2187 551 2263 novit).
582 2189 669 2248 Venit
683 2193 713 2246 et
727 2187 801 2245 alter
815 2202 852 2243 cx
871 2187 996 2245 ostiariis
1017 2187 1131 2260 Eschop
1152 2192 1181 2245 ct
1200 2188 1328 2260 nomine,
1352 2186 1400 2259 qui
1420 2202 1474 2245 uos

300 2294 334 2351 in
348 2308 465 2351 scamno
481 2293 582 2352 sedere
594 2293 689 2365 jussit,
706 2290 819 2349 dicens:
834 2292 994 2365 Imperator
1009 2310 1066 2351 non
1074 2297 1132 2350 tam
1139 2291 1236 2349 statim
1246 2289 1375 2364 prodibit
1383 2288 1472 2350 foras.

300 2398 379 2468 Quia
393 2402 490 2455 autem
503 2397 631 2455 intellexi
646 2396 770 2457 ostiariis
784 2396 936 2469 propinem
951 2412 988 2453 ex
1002 2397 1056 2455 hoo
1071 2402 1136 2455 actu
1152 2395 1265 2468 debari,
1288 2394 1472 2453 Molvcndam

299 2502 404 2575 rogavi
419 2507 465 2575 ut,
487 2501 555 2575 quid
570 2502 600 2561 id
614 2503 744 2576 propina
760 2516 822 2559 esse
837 2499 968 2573 deberet,
991 2502 1200 2573 expiscaretur,
1223 2499 1272 2571 qui
1288 2514 1318 2556 se
1333 2498 1365 2556 id
1379 2496 1472 2556 lactu-

299 2624 368 2666 rum
382 2608 492 2680 recepit
506 2623 541 2665 ac
554 2609 633 2664 ocius
648 2622 780 2665 reversus
794 2607 844 2679 ait,
861 2607 994 2664 ostiarios
1010 2604 1124 2677 dixisse,
1141 2605 1210 2662 idin
1221 2619 1285 2661 mea
1297 2602 1472 2661 liberalitate

300 2717 333 2771 et
346 2712 525 2770 humanitate
539 2712 624 2769 situm
640 2727 717 2784 esse,
741 2727 771 2769 se
790 2709 862 2768 nihil
882 2710 1049 2768 nominatim
1068 2710 1220 2782 petituros.
1248 2708 1335 2767 Venit
1358 2723 1472 2781 quoque

300 2817 407 2876 tertius
423 2834 459 2874 ex
474 2815 600 2874 ostiariis
615 2815 726 2873 dicens:
749 2815 871 2873 Domine
886 2832 996 2888 comes,
1013 2832 1103 2888 quare
1117 2832 1175 2874 non
1190 2814 1323 2874 atriolum
1339 2812 1472 2873 amedis?
1554 2788 1561 2800 ’

300 2921 466 2993 Respondi:
489 2920 685 2979 Marschalcus
705 2936 750 2977 me
768 2919 815 2977 hic
834 2921 998 2994 prestolari
1014 2920 1109 2993 jussit.
1140 2920 1232 2992 Bene,
1256 2920 1343 2990 bene,
1367 2918 1469 2990 inquit.

303 3028 451 3099 Exspecta
465 3026 625 3099 paululum,
647 3024 728 3083 brevi
743 3023 802 3083 liet.
831 3025 906 3083 Erat
918 3041 988 3083 vero
1000 3026 1061 3097 jam
1075 3024 1105 3081 in
1119 3028 1227 3098 punctu
1243 3019 1471 3099 (alloquuntur)

301 3130 475 3204 miccina,
499 3147 564 3188 cum
577 3128 680 3188 fierent
691 3132 846 3203 januarum
861 3130 988 3200 crepitus
1009 3144 1042 3187 ac
1064 3144 1215 3201 procerum
1236 3128 1471 3201 geniculationes.

301 3237 497 3307 Posteaquam
509 3241 605 3293 antem
620 3250 712 3292 caesar
725 3234 755 3290 in
769 3232 841 3290 sella
854 3233 905 3290 illa
918 3231 1076 3304 resederat,
1093 3231 1268 3303 Papenheim
1282 3238 1384 3303 sparto
1398 3232 1473 3290 ostio

302 3356 349 3397 me
364 3341 485 3412 vocavit,
501 3340 641 3413 inquiens,
658 3338 704 3397 En
718 3342 830 3411 tempus
845 3342 898 3409 est,
911 3337 972 3408 jam
987 3350 1081 3392 comes
1096 3334 1210 3392 accede.
1233 3332 1302 3392 Ideo
1317 3350 1471 3407 exurgens,

302 3444 413 3503 habens
428 3461 446 3502 a
460 3445 583 3503 sinistris
598 3444 746 3503 Lihorium
765 3443 810 3501 his
830 3458 924 3515 muna
944 3436 1091 3497 inflectens
1111 3436 1263 3497 accedendi
1282 3440 1370 3496 tertia
1391 3438 1471 3511 gani·

303 3550 447 3608 culationc
463 3553 614 3621 utrumque
628 3564 704 3621 genu
718 3559 804 3606 terrae
825 3546 930 3620 figens,
953 3543 1082 3601 similiter
1102 3547 1131 3601 et
1153 3542 1294 3600 Lihorins.
1325 3542 1401 3600 Dein
1420 3542 1471 3599 Li·
1590 3530 1594 3545 '

301 3652 402 3711 hocius
415 3654 526 3710 cunctis
541 3651 722 3711 audientibus
737 3652 799 3709 haec
813 3651 902 3708 verba
915 3651 947 3707 in
962 3647 1100 3706 catalecto
1116 3648 1279 3720 germanico
1295 3625 1391 3704 dicere
1411 3660 1470 3705 coe-

301 3758 359 3832 pit:
387 3756 581 3814 Illustrissime
608 3763 638 3815 et
660 3757 846 3814 invictissime
868 3752 1141 3823 clementissimeque
1164 3766 1267 3825 caesar,
1301 3766 1390 3809 sacrae
1412 3754 1471 3808 tuac

302 3877 438 3921 caesareae
452 3864 596 3935 majestati
611 3863 657 3920 hic
676 3878 772 3921 coram
795 3877 951 3935 generosus
971 3874 1051 3917 meus
1071 3857 1200 3917 dominus
1220 3870 1315 3915 comes
1336 3855 1472 3915 Wolradt

302 3966 478 4026 aWaldeok
492 3969 581 4040 sistit,
607 3966 744 4026 confitens
760 3983 790 4025 se
810 3969 990 4039 majestatem
1010 3966 1135 4022 vestram
1155 3963 1321 4035 grauissime
1341 3967 1471 4035 tempore

301 4073 467 4133 rebellionis
482 4077 550 4132 anni
565 4074 655 4145 elapsi
661 4074 791 4145 «laesisse,
807 4086 965 4145 agnoscens
981 4068 1058 4142 quod
1072 4067 1233 4141 gaviorem
1248 4066 1392 4140 quandam
1407 4082 1469 4140 poe-

301 4194 368 4238 nam
384 4178 565 4237 commeritus
580 4179 631 4250 sit,
655 4177 736 4248 cuius
750 4177 793 4235 rei
809 4176 953 4235 dirissima
966 4178 1099 4233 metanea
1113 4172 1245 4245 ringitur.
1277 4170 1412 4229 Attamen
1434 4168 1470 4228 de

300 4284 403 4341 innata
423 4283 616 4354 imperatoria
638 4285 742 4339 vestre
760 4282 918 4354 maiestatis
939 4279 1089 4338 clementia
1107 4274 1244 4348 conlisus,
1270 4275 1345 4332 hanc
1365 4288 1470 4332 noxam

300 4387 357 4447 sihi
377 4385 486 4445 remitti
507 4384 691 4460 deprecatur,
713 4384 873 4443 cumomni
893 4386 981 4442 animi
1004 4382 1165 4455 deiectione
1185 4394 1305 4451 rogans,
1330 4384 1364 4436 nt
1386 4392 1471 4435 sacra

299 4496 399 4551 vestra
413 4505 540 4549 caesarea
554 4490 689 4563 majestas
702 4494 761 4549 tarn
776 4490 870 4562 ipsum
885 4502 971 4561 quarn
990 4485 1121 4545 subditos
1141 4498 1208 4541 suos
1228 4484 1259 4539 in
1280 4482 1403 4555 gratiam
1423 4498 1470 4541 re·

299 4599 397 4670 cipere
419 4596 568 4669 dignetur,
592 4594 679 4667 idque
699 4595 737 4653 ob
756 4594 802 4653 dei
824 4600 855 4653 et
869 4606 1000 4651 amaram
1015 4593 1119 4647 vestrae
1134 4588 1292 4662 majestatis
1307 4587 1470 4645 misericor·

300 4702 393 4775 diam,
417 4699 494 4772 quod
508 4699 586 4759 idern
605 4700 698 4758 dictus
718 4714 798 4757 meus
819 4698 950 4757 dominns
970 4710 1063 4753 comes
1082 4698 1190 4767 practer
1210 4690 1307 4751 debita
1327 4688 1421 4751 officia
1442 4698 1472 4751 et

300 4807 382 4863 omni
395 4820 462 4862 cum
473 4803 625 4864 sedulitate
639 4805 848 4878 promeriturus
863 4808 920 4877 cst,
942 4816 995 4859 neo
1010 4812 1136 4871 unquam
1150 4798 1181 4855 iu
1195 4798 1254 4857 rita
1270 4811 1322 4854 sua
1337 4810 1367 4855 se
1383 4797 1472 4869 maie·
