3700 5692
852 748 897 813 29

284 931 362 990 nisse
377 929 459 990 dixit.
484 928 681 990 domitabatur
696 935 726 989 et
741 928 819 989 huuc
831 927 968 990 Nioolaus
981 929 1081 994 Gallus
1099 934 1321 996 Moussterieusi
1340 938 1457 1012 presuli

285 1034 454 1111 apedibus,
474 1035 636 1095 Herbertus
650 1052 669 1096 a
683 1035 817 1110 handen,
839 1036 889 1109 qui
903 1040 933 1096 et
947 1054 1005 1099 una
1025 1039 1135 1102 duobus
1153 1041 1198 1100 his
1217 1041 1362 1114 praediolis
1381 1042 1456 1102 Mel-

284 1147 346 1201 tum
360 1142 496 1216 petierat,
512 1140 618 1200 ibidem
632 1142 693 1201 vitu
706 1141 837 1202 exoessit.

372 1245 486 1307 Pedem
499 1247 592 1307 nostri
608 1246 753 1307 duetorem
767 1246 868 1306 Hasen
882 1247 1050 1323 consulunt,
1071 1252 1095 1310 is
1107 1251 1192 1324 jubet
1205 1253 1328 1327 priorem
1345 1256 1453 1330 suppli·

284 1353 426 1413 cationem
440 1353 557 1413 iterare.
1111 1349 1113 1356 '

372 1457 444 1518 (lum
456 1463 570 1532 tempus
584 1458 697 1533 prandii
711 1460 833 1518 instaret
845 1459 931 1524 uobis
946 1460 1043 1520 inseiis
1059 1462 1227 1524 wilhelmus
1243 1480 1364 1524 comesa
1378 1465 1452 1526 Wit-

282 1564 427 1638 genstein,
449 1563 599 1639 Philippus
618 1583 637 1625 a
655 1564 815 1639 Homberg,
836 1565 964 1627 loannes
985 1583 1079 1628 eomes
1098 1586 1116 1629 e
1135 1571 1296 1647 Rethberg,
1320 1571 1397 1632 Dido
1417 1573 1453 1633 de

282 1669 489 1744 Kniepbausen
509 1675 541 1730 et
561 1671 688 1730 Joauues
707 1670 794 1744 ungu
817 1673 989 1732 secretarius
1014 1668 1147 1736 domitum
1169 1694 1187 1737 e
1207 1678 1285 1738 Hoio
1305 1677 1452 1738 nobiseum

281 1774 418 1848 pransuri
432 1776 558 1836 veniunt.
581 1775 631 1836 Fit
645 1778 755 1850 potatio
769 1776 928 1836 liberalior.

369 1880 506 1942 Induoiae
521 1882 747 1956 quinquennales
760 1882 837 1942 inter
850 1882 1066 1958 imperatorem,
1089 1882 1285 1946 Romanorum
1299 1903 1397 1963 regem
1421 1895 1450 1948 et

281 1986 436 2046 'l'ureioum
451 2003 586 2048 cesarem
600 1995 757 2049 renovatae
772 1988 915 2049 diouutur.

369 2091 481 2152 Eadem
495 2099 563 2153 ante
576 2109 672 2152 oasam
687 2093 860 2168 bibliopolae
874 2094 938 2171 (qui
951 2093 1025 2154 torte
1040 2095 1217 2170 papisturum
1229 2099 1351 2172 gratim
1364 2113 1450 2158 vena·

279 2194 379 2272 batur)
400 2197 522 2259 vidimus
536 2199 635 2258 ieones
653 2199 774 2260 loannis
793 2199 934 2260 Frideriei
956 2200 1088 2260 eleetoris
1109 2207 1138 2261 et
1158 2202 1244 2260 Turoi
1270 2204 1452 2278 imperatoris

279 2319 310 2362 se
323 2308 425 2364 mutuo
439 2305 585 2364 intuentes
598 2321 762 2380 suspensas,
778 2304 856 2380 quod
869 2304 1008 2379 probrum
1022 2307 1142 2381 piissimi
1156 2308 1293 2384 principis
1308 2325 1365 2370 nou
1382 2311 1446 2372 abs-

280 2425 338 2483 que
352 2409 441 2469 animi
455 2408 555 2470 dolore
568 2410 708 2485 videntes,
724 2409 823 2472 ambas
838 2427 888 2472 eas
903 2411 987 2472 nobis
1004 2413 1130 2472 emimus.

367 2516 515 2589 Propitius
530 2521 592 2576 esto
606 2516 719 2578 domine
733 2524 852 2590 peooato
866 2524 979 2592 nostro,
1004 2518 1122 2579 multum
1144 2525 1188 2579 est
1208 2521 1296 2596 euim,
1319 2521 1356 2582 du
1376 2522 1449 2582 eari-

279 2627 370 2681 tatem
383 2638 442 2682 non
456 2610 561 2697 lcum,
577 2623 616 2682 da
629 2623 725 2682 odisse
739 2623 845 2695 malum
860 2631 889 2684 et
903 2624 1063 2684 adhaerere
1077 2624 1161 2685 bono.

369 2729 451 2801 xxiiij
465 2729 575 2803 Aprilis
589 2727 628 2788 ad
641 2729 679 2787 Ι).
695 2729 864 2789 Mauritium
879 2730 995 2804 quidem
1009 2731 1108 2790 eundo
1123 2729 1223 2805 fiebat,
1241 2737 1272 2790 at
1287 2732 1323 2792 ob
1339 2731 1450 2791 Liborii

280 2833 494 2910 egritudinem,
512 2835 562 2907 qui
577 2836 680 2894 misere
696 2833 806 2894 ealoulo
815 2836 1007 2911 cruciabatur,
1023 2851 1068 2896 me
1078 2851 1141 2896 oum
1153 2836 1324 2898 Wendelino
1335 2837 1446 2897 etMel·

280 2939 378 3001 ebiore
393 2939 499 3000 Lindie
514 2941 697 3000 solboitatum
716 2942 759 3001 ire
780 2942 980 3002 conveniebat.
1011 2941 1109 3001 Primo
1129 2943 1217 3016 igitur
1237 2943 1314 3002 eudes
1334 2943 1449 3004 Domini

280 3045 368 3119 Viglii
382 3045 521 3105 Zuiebeni
535 3053 682 3122 petentes,
705 3063 770 3107 eum
785 3048 877 3107 solum
891 3049 1065 3122 reperimus,
1090 3048 1140 3122 qui
1156 3053 1307 3123 postquam
1322 3065 1448 3125 praesen·

280 3153 350 3210 tiam
363 3158 494 3212 noemam
508 3158 682 3226 oompertam
696 3153 805 3226 habuit,
822 3151 937 3213 obviant
952 3153 1033 3214 nobis
1049 3169 1179 3227 egressus
1194 3171 1246 3214 nos
1262 3157 1339 3215 intra
1353 3155 1449 3215 hiber·

280 3257 413 3316 naculum
428 3273 511 3317 suum
525 3257 615 3317 duxit.
647 3259 690 3319 Ibi
706 3258 893 3320 Wendelinus
906 3257 1034 3316 breviter
1049 3257 1161 3317 solitam
1180 3259 1348 3332 petitionem
1368 3274 1450 3336 repe·

280 3363 339 3438 tiit,
360 3379 407 3422 me
426 3379 541 3437 qnoque
561 3371 715 3439 eapropter
736 3369 765 3424 et
783 3365 839 3423 mei
858 3369 889 3423 et
907 3362 1031 3423 trabum
1045 3363 1160 3423 nomine
1175 3365 1276 3424 adesse
1291 3364 1372 3423 dixit.
1402 3363 1450 3423 Ad

279 3467 343 3527 bno
356 3469 470 3542 Viglius
485 3470 647 3543 respoudit,
664 3471 688 3528 ei
703 3471 827 3545 nosipsi
842 3470 889 3528 vel
902 3469 993 3528 nostri
1009 3469 1157 3528 eonsilium
1172 3470 1260 3544 ipsius
1275 3471 1365 3530 seouti
1378 3469 1448 3530 iuis·

280 3578 357 3649 sent,
377 3575 522 3648 negotium
538 3576 593 3634 hoe
606 3574 652 3635 vel
666 3580 734 3634 ante
748 3590 859 3635 meuses
874 3575 1000 3649 quinque
1015 3572 1152 3634 adfinem
1172 3575 1290 3648 produci
1311 3575 1448 3649 potuisse,

280 3686 435 3754 antequam
448 3696 537 3740 eausa
552 3679 730 3741 coloniensis
751 3679 808 3740 buo
828 3680 964 3740 devoluta
983 3681 1029 3741 sit.
1061 3679 1132 3740 Item
1153 3681 1252 3740 retulit
1270 3680 1353 3741 nobis
1372 3680 1448 3740 Her·

280 3803 414 3846 mannum
429 3803 448 3846 a
463 3786 615 3862 Molspurg
630 3787 744 3846 disertis
759 3787 853 3847 verbis
868 3787 984 3859 dixisse,
1001 3788 1025 3845 si
1041 3784 1224 3846 colonienses
1239 3790 1353 3846 eentum
1367 3786 1447 3860 equi·

280 3899 324 3952 tes
337 3893 552 3954 Vololsmaviam
565 3893 721 3967 mitterent,
738 3892 886 3953 cattorum
901 3895 1034 3966 prinoeps
1050 3891 1186 3952 ducentos
1200 3891 1239 3951 ad
1252 3892 1297 3951 his
1311 3893 1447 3952 resisten-

280 3999 348 4058 dum
360 3999 511 4072 mmsurus,
528 4003 615 4072 atone
629 3998 674 4058 bis
688 3999 784 4058 verbis
794 4015 950 4058 cesaream
966 3999 1147 4072 maiestatem
1162 3999 1283 4059 maxime
1297 3999 1448 4074 irritatam,

279 4111 380 4180 utpote
397 4104 447 4179 qui
462 4103 589 4179 dinem,
606 4105 629 4163 si
645 4104 754 4164 Hessus
769 4104 916 4178 ducentos,
933 4121 987 4179 ego
1002 4109 1145 4165 treoeutos
1160 4105 1280 4166 mittam.
1310 4106 1382 4165 item
1397 4103 1448 4164 ab·

280 4210 478 4270 solutionema
492 4211 692 4270 commissariis
706 4209 811 4271 laetam
825 4210 939 4285 quiden
955 4227 1014 4271 non
1028 4213 1154 4287 negavit.
1179 4210 1237 4271 Sed
1252 4211 1386 4282 quoniam
1401 4224 1447 4268 oo-

281 4317 362 4376 mites
376 4315 601 4377 wdueoeeuses
615 4331 647 4376 se
660 4331 715 4392 pro
729 4315 863 4391 subditis,
880 4318 935 4376 etsi
949 4317 1052 4376 vasalli
1066 4315 1213 4377 cattorum
1229 4320 1338 4388 essent,
1362 4330 1448 4388 repu-

281 4426 391 4497 tarent,
406 4422 438 4482 id
453 4423 545 4496 ipsum
559 4423 606 4481 hie
619 4424 650 4481 in
665 4420 858 4496 disputatione
872 4438 944 4482 esse.
973 4422 1092 4484 Addens
1107 4429 1249 4498 praterea
1259 4420 1450 4481 uenditionem

282 4529 453 4589 absolutioni
467 4528 631 4604 adiunctam
646 4545 723 4602 esse,
739 4545 802 4588 earu
817 4529 939 4602 seilicet,
956 4527 1153 4588 Reinhardum
1167 4527 1298 4587 comitem
1314 4531 1344 4585 et
1357 4525 1445 4585 loan-

283 4651 346 4694 nem
360 4633 516 4709 Georgium
527 4634 658 4694 Selmdeu
672 4632 916 4694 allittelbibreeh
930 4633 1046 4707 quidem
1063 4632 1266 4692 illeldeoeauos
1281 4630 1447 4703 absolvisse,

285 4755 379 4800 verum
394 4757 431 4801 ea
444 4741 522 4816 lege,
543 4746 576 4800 ut
589 4755 723 4800 oaesareae
737 4739 883 4811 majestati
896 4755 927 4798 se
949 4738 1115 4800 obedientes
1134 4737 1270 4796 sisterent
1288 4740 1319 4795 et
1338 4735 1373 4796 de
1394 4735 1449 4795 hae
1497 4812 1500 4820 ,

285 4860 316 4905 re
327 4847 417 4924 ipsius
432 4846 601 4908 elementiae
616 4845 722 4908 elariuu
735 4861 906 4920 responsum
918 4843 1089 4919 reciperent.
1113 4843 1187 4906 Tum
1196 4841 1362 4916 Wolraduu,
1377 4840 1449 4902 Pro·
