3700 5692
861 762 905 828 83

296 948 428 1019 tempore
440 947 609 1007 tentationis
622 946 677 1006 hoc
691 946 837 1006 reccdam.
861 947 895 1007 ld
909 952 939 1006 te
953 962 1088 1019 rogamus
1102 964 1156 1022 per
1164 946 1306 1009 Christum
1324 947 1468 1009 dominum

295 1057 442 1111 nostrum:
460 1052 576 1113 Amen.
815 1064 820 1069 '

386 1158 427 1230 xij
435 1158 508 1231 Maji
523 1159 553 1216 in
568 1160 675 1234 templo
684 1144 826 1218 minorum
835 1159 994 1219 audirimus
1005 1160 1147 1234 quendam
1158 1159 1398 1222 anobisantehac
1410 1178 1468 1224 non

294 1264 399 1337 visum,
423 1264 473 1335 qni
495 1268 525 1322 et
544 1264 675 1323 doctrina
694 1266 874 1325 cromdona
893 1282 951 1325 non
972 1267 1105 1327 indoctus
1120 1267 1279 1327 videbatm.
1333 1268 1469 1341 Pralegit

294 1375 394 1428 autem
408 1368 538 1427 ecclesiae
553 1386 589 1429 ax
604 1372 704 1444 primae
718 1370 839 1432 loannis
854 1370 983 1444 epistole
994 1373 1087 1446 capite
1098 1376 1116 1431 2
1127 1373 1300 1433 haecrerba:
1327 1374 1372 1432 «E
1385 1372 1468 1433 nobis

294 1472 420 1549 proiecti
433 1479 510 1549 sunt,
526 1475 651 1535 sednon
667 1481 751 1535 erant
765 1493 802 1537 ex
811 1477 902 1537 nohis.
943 1480 1023 1539 'Nam
1038 1480 1062 1537 si
1085 1478 1208 1541 luissent
1230 1498 1266 1541 ex
1281 1480 1376 1556 nobb,
1400 1494 1466 1556 per·

294 1583 469 1641 mansissent
483 1582 585 1656 ntique
599 1584 755 1657 nobiscum,
768 1584 820 1643 sed
834 1589 868 1643 ut
880 1582 1025 1645 manifesti
1038 1583 1150 1660 fierent,
1168 1588 1245 1660 quod
1260 1604 1318 1647 non
1334 1588 1392 1646 sint
1407 1603 1466 1646 om·

294 1688 515 1749 nesexnobis.»
540 1687 652 1749 Deinde
668 1692 722 1750 ait:
741 1690 916 1765 cbarissimi,
932 1691 979 1749 hic
993 1708 1151 1766 monemur,
1168 1694 1270 1751 mirum
1279 1693 1361 1753 nohis
1377 1690 1469 1753 rideri

293 1809 354 1853 non
369 1793 485 1869 dehere,
502 1796 527 1853 si
542 1796 670 1854 nomrulli
685 1801 715 1855 et
736 1795 791 1855 hoc
813 1802 943 1871 tempore
959 1815 976 1857 a
991 1798 1074 1858 nobis
1088 1799 1234 1873 recedunt,
1257 1800 1306 1873 qui
1321 1798 1468 1858 nobiscum

294 1900 485 1973 Evangelium
502 1901 625 1975 amplexi
640 1899 771 1974 inerant,
794 1901 861 1961 dum
875 1902 998 1975 idipsum
1013 1908 1142 1979 tempore
1157 1880 1264 1963 Christi
1279 1911 1308 1964 et
1322 1903 1465 1978 apostolo·

294 2020 360 2063 rum
375 2004 515 2063 accidisse
529 2006 685 2066 rideamus.
709 2006 826 2080 Magnae
840 2013 937 2067 autem
952 2009 1141 2068 consolationi
1160 1987 1242 2068 nobis
1261 2009 1307 2081 sit,
1331 2007 1408 2080 quod
1423 2005 1466 2065 di·

295 2111 352 2168 cit:
381 2109 453 2168 «sed
468 2126 504 2168 ex
519 2109 601 2170 nohis
617 2129 675 2171 non
690 2118 770 2186 sunt,
786 2129 885 2171 rernm
900 2118 933 2171 ut
947 2111 1174 2187 manifestentur,
1196 2114 1245 2185 qui
1261 2129 1297 2171 ox
1312 2111 1393 2171 nobis
1408 2127 1467 2172 non

294 2220 393 2274 sunt.»
420 2215 576 2288 Nunquam
591 2218 638 2275 eni
648 2233 713 2275 mex
727 2216 814 2276 corde
827 2218 979 2277 ueritatem
998 2206 1140 2293 euangelii
1153 2222 1350 2292 susceperunt,
1367 2221 1397 2275 et
1411 2217 1464 2277 sci·

294 2338 359 2381 mus
375 2323 516 2395 eJusmodi
530 2321 641 2383 futuros
657 2328 686 2382 et
702 2324 845 2382 dominnm
861 2329 891 2382 et
905 2325 1050 2397 apostolos
1066 2314 1244 2399 praedixisse.¹
1282 2322 1466 2383 Potissimum

295 2443 365 2488 uero
388 2428 468 2487 hisce
489 2428 595 2487 ultimis
615 2428 791 2503 temporibus
815 2430 855 2486 sic
875 2426 1055 2488 manifestari
1080 2433 1208 2504 oportuit
1227 2430 1322 2489 odium
1343 2424 1414 2486 Cain
1436 2429 1467 2485 in

294 2533 418 2593 fratrem
432 2534 578 2593 innoxium
594 2533 721 2593 Ahelem.
768 2534 815 2594 Sic
829 2535 1038 2593 inhonestatem
1055 2534 1143 2595 Gham
1157 2535 1187 2593 in
1202 2532 1359 2594 deridendo
1374 2534 1465 2606 turpi·

294 2639 427 2699 tudinem
443 2640 534 2713 patris
549 2638 650 2714 Noah,
674 2641 715 2699 sic
737 2657 851 2713 quoque
871 2644 983 2699 animus
1005 2658 1156 2715 perversus
1178 2640 1271 2700 Saulis
1289 2640 1414 2700 innotuit
1436 2640 1467 2697 in

294 2744 498 2821 persequendo
513 2746 651 2819 optimum
666 2746 819 2820 Davidem,
845 2753 874 2805 et
893 2763 943 2804 cor
955 2746 1042 2806 Judae
1064 2746 1220 2823 proditoris
1238 2746 1268 2803 in
1288 2746 1467 2805 innocentem

296 2850 451 2909 Christum.
475 2850 515 2911 Et
530 2868 690 2925 quanquam
708 2852 838 2911 dominus
859 2853 934 2912 diem
959 2856 1105 2928 statuerit,
1128 2854 1177 2927 qui
1192 2868 1245 2912 neo
1260 2852 1360 2927 procul
1375 2852 1466 2925 abest,

294 2959 326 3015 in
341 2972 400 3030 qua
415 2954 581 3016 cuneurnn
597 2957 653 3015 erit
666 2956 812 3031 judicium,
837 2963 933 3017 tamon
956 2960 1037 3032 prius
1058 2960 1215 3032 nequitiam
1230 2958 1369 3017 malornm
1385 2957 1468 3016 deco·

295 3068 427 3137 opertam
441 3062 512 3136 vult,
527 3067 762 3137 nt‘agnoscamus
777 3063 927 3122 veritatem
944 3064 1085 3123 dictorum
1100 3063 1223 3124 Christi:
1247 3062 1327 3122 Nihil
1343 3066 1387 3144 est
1401 3058 1466 3121 ahs·

295 3168 464 3243 conditum,
489 3169 567 3241 quod
590 3185 648 3227 non
671 3168 816 3227 reveletur
835 3167 950 3227 domino
975 3168 1029 3228 deo
1050 3175 1148 3228 nostro
1163 3168 1316 3229 scrutatori
1339 3168 1468 3227 cordium

296 3280 326 3335 et
343 3264 498 3349 probatori
514 3290 629 3347 renum,
643 3290 692 3332 ne
711 3272 853 3346 cogitatus
874 3259 989 3346 quidem
1000 3279 1123 3333 nostros
1145 3276 1218 3333 clam
1233 3270 1304 3333 esse.
1344 3274 1423 3333 Sicut
1437 3275 1467 3331 in

295 3379 420 3454 Saphira
435 3384 465 3438 et
480 3380 593 3438 duania
608 3380 765 3437 actorumh
782 3379 926 3453 apparuit,
944 3380 993 3453 qui
1008 3378 1159 3438 subitanea
1173 3382 1203 3438 in
1218 3380 1400 3452 correptione
1415 3394 1468 3450 per

295 3485 415 3544 Petrum
431 3486 587 3557 perierunt.
608 3485 767 3559 Discamus,
778 3486 880 3558 inquit,
896 3486 1007 3543 cautius
1022 3484 1152 3558 mercari,
1170 3490 1199 3543 et
1214 3488 1340 3543 actorum
1356 3476 1468 3543 nostro-

296 3606 359 3648 rnm
368 3592 512 3648 rationem
521 3589 685 3649 habeamus.
711 3590 768 3650 Sed
782 3590 850 3664 qnia
863 3589 894 3648 id
906 3606 942 3649 ex
952 3591 1034 3650 nobis
1045 3590 1114 3664 ipsis
1126 3600 1184 3648 non
1199 3604 1357 3663 possumus,
1373 3586 1468 3646 Deum

297 3695 505 3755 ardentissimis
519 3698 595 3756 rotis
609 3698 763 3772 pulsemus,
781 3714 836 3770 quo
852 3697 984 3770 spiritum
999 3712 1080 3754 suum
1103 3696 1210 3755 bonum
1225 3694 1307 3753 nobis
1323 3692 1419 3765 donet,
1435 3695 1468 3749 ut

295 3803 325 3861 in
339 3804 488 3876 agnitione
504 3807 534 3862 et
548 3800 724 3863 confessione
739 3802 847 3862 Christi
861 3801 1003 3860 constanti
1019 3798 1076 3860 fide
1091 3816 1317 3875 permaneamus.
1348 3786 1410 3857 Nec
1426 3794 1467 3855 ol·

295 3906 449 3968 fundamur
473 3908 605 3984 exemplo
624 3909 812 3967 recidentium
832 3907 870 3966 ad
886 3908 1012 3967 seculum
1037 3908 1117 3966 etin
1139 3906 1298 3983 tentatione
1322 3903 1469 3964 nobiscum

295 4016 454 4087 persistere
470 4016 640 4074 nolentium.
664 4014 818 4087 'Rogemus
833 4015 915 4087 item,
938 4017 972 4071 nt
986 4013 1104 4073 verbum
1125 4028 1207 4071 suum
1222 4011 1304 4071 nobis
1319 4011 1426 4071 diutius
1442 4014 1471 4067 et

294 4120 463 4194 relinquere
478 4126 507 4180 et
520 4121 663 4194 impartiri
679 4120 823 4193 dignetur.
847 4118 988 4194 Attende,
1005 4135 1023 4178 o
1038 4119 1165 4195 prudens
1180 4118 1380 4190 christisequa‚
1396 4102 1470 4173 hanc

295 4226 456 4286 clausulam
471 4240 529 4286 non
544 4227 595 4285 nbs
611 4242 643 4285 re
659 4242 677 4283 a
692 4226 942 4285 concionatoribus
957 4225 1132 4298 Augustanis
1149 4221 1329 4283 concionibus
1345 4226 1375 4279 et
1389 4220 1470 4278 obse·

296 4333 476 4394 orationibus
490 4333 589 4407 populi
604 4333 700 4406 adjici,
714 4333 740 4390 si
755 4333 881 4389 animum
895 4334 993 4389 vertas
1004 4336 1033 4390 et
1042 4328 1228 4404 retrospicias
1243 4325 1280 4385 ad
1295 4320 1469 4400 pontificium

296 4443 325 4498 ct
339 4438 553 4513 Epicureorum
568 4438 702 4498 subdolos
719 4443 847 4511 conatus,
862 4440 1011 4510 potentum
1026 4433 1187 4493 vecordiam
1203 4437 1232 4491 et
1246 4430 1325 4504 vulgi
1340 4427 1469 4487 christia·

296 4560 402 4604 norum
417 4543 468 4621 (de
482 4545 517 4602 iis
532 4544 650 4618 loquor,
676 4543 726 4616 qui
745 4543 824 4616 vulgi
843 4542 990 4615 ingenium
1011 4544 1184 4613 sequuntur,
1207 4535 1319 4595 etiamsi
1333 4534 1471 4605 trisreges

297 4652 357 4710 slnt
372 4650 419 4711 vel
439 4646 596 4725 principes)
619 4648 657 4709 ad
677 4647 846 4708 Antichristi
871 4665 940 4723 opes
955 4646 1142 4720 respicientis,
1165 4649 1194 4702 et
1208 4640 1238 4700 id
1253 4641 1331 4717 apud
1346 4654 1405 4713 ece,
1420 4638 1471 4711 oui

296 4758 427 4831 potiores
442 4756 519 4816 inter
537 4771 589 4814 nos
608 4754 700 4813 rideri
720 4754 827 4813 uolunt.
866 4754 930 4812 Hoc
946 4752 1021 4811 catti
1045 4750 1086 4809 illi
1108 4755 1138 4808 ct
1153 4750 1303 4823 diligentes
1318 4744 1400 4807 verbi
1414 4741 1471 4805 Dei

298 4862 515 4937 dispensatores
529 4862 646 4935 lyncaeis
661 4860 750 4920 oculis
765 4859 952 4933 prospiciunt
982 4856 1052 4916 Ideo
1068 4855 1186 4917 oviculis
1202 4856 1361 4915 acclamant
1375 4857 1405 4911 et
1419 4866 1468 4911 eas

1206 4962 1224 5017 6
1242 4958 1257 4991 R
