3700 5692
964 721 1033 795 224

411 907 512 968 habet:
527 908 562 966 V.
575 904 661 967 Mi
670 907 693 967 1.
703 904 766 969 ΑΕ.
788 904 978 979 Evangelium
992 905 1098 965 Joann.
1113 904 1297 967 amVicrteu.
1320 905 1393 965 Item
1407 904 1467 963 alia
1481 905 1588 979 pagiua

413 1014 495 1086 cuius
509 1012 633 1071 initium:
649 1011 726 1073 Dasz
740 1011 929 1085 Evangelium
943 1011 1069 1083 Mattbei
1084 1027 1131 1071 am
1145 1008 1266 1077 mosten.
1304 1010 1588 1072 Obseruauit‘autem

412 1121 536 1194 optimus
549 1121 685 1193 princeps
704 1135 822 1194 scopum
841 1118 1037 1178 concionantis
1058 1123 1088 1176 et
1101 1118 1259 1179 sententias
1280 1115 1452 1177 celebriores
1468 1118 1587 1175 asteris·

412 1227 453 1285 cis
468 1227 587 1285 uomdt.
610 1227 687 1285 Vere
700 1226 747 1286 hic
760 1227 896 1302 princeps
911 1225 996 1298 juxta
1008 1225 1211 1298 praescriptum
1225 1222 1334 1283 domiui
1347 1222 1454 1282 librum
1468 1222 1545 1296 legis
1561 1228 1588 1281 et

412 1332 552 1404 evangelii
575 1347 637 1404 prae
661 1331 751 1390 oculis
770 1330 888 1402 habuit,
913 1332 1002 1389 nodo
1026 1328 1132 1403 diuque
1153 1331 1184 1389 in
1205 1330 1256 1390 illo
1282 1335 1428 1409 summa„
1454 1328 1588 1389 omnibus

412 1436 575 1496 christianis
590 1451 625 1495 cx
640 1436 815 1511 principibus
829 1436 931 1495 merito
946 1434 1083 1495 imitabile
1092 1435 1251 1509 exemplum
1260 1435 1436 1509 relinquens.
1458 1434 1589 1493 Fuerant
1609 1500 1615 1507 ,

410 1546 509 1601 autem
522 1542 623 1601 harum
637 1543 807 1603 tabellarum
820 1541 990 1616 complures,
1006 1556 1070 1613 quae
1081 1542 1112 1599 iu
1126 1540 1242 1599 modum
1254 1537 1371 1600 fornicis
1385 1541 1432 1600 vel
1446 1540 1587 1599 hemicicli

411 1646 559 1719 disposita
572 1645 696 1722 fueraut,
722 1647 870 1721 inquibus
885 1645 1015 1706 omuibus
1029 1646 1183 1705 conciones
1198 1650 1359 1721 exceperat,
1384 1647 1509 1721 siugulis
1525 1662 1587 1705 oon-

412 1752 540 1813 cionibus
555 1769 646 1813 novas
659 1753 774 1815 tabulas
790 1752 937 1813 exhibens.
976 1750 1043 1811 Heu
1056 1750 1130 1825 proh
1144 1749 1229 1811 dolor
1243 1767 1410 1827 quanquam
1424 1768 1487 1827 pax
1500 1728 1587 1813 fuer'it

410 1861 442 1917 et
455 1858 595 1917 securitas
609 1860 639 1919 in
653 1858 754 1921 dicbus
770 1860 847 1933 epus,
870 1863 967 1919 tamen
988 1856 1079 1916 bostis
1101 1861 1240 1930 regnante
1254 1854 1314 1915 filio
1329 1858 1391 1934 ejm
1407 1859 1507 1917 omnia
1522 1874 1585 1934 pre

411 1961 489 2021 cioca
502 1967 645 2024 scrutatus
659 1971 713 2025 est.
737 1964 794 2025 Sed
808 1980 876 2039 spes
890 1963 968 2023 bona
982 1964 1122 2035 superest,
1138 1960 1265 2021 nondum
1281 1959 1451 2047 abbreviata
1467 1968 1514 2023 est
1528 1981 1585 2023 ma-

410 2084 465 2128 nus
480 2068 596 2144 domiui,
611 2071 683 2130 vivit
697 2076 727 2130 ct
740 2074 881 2145 superest,
896 2069 988 2129 velint
1002 2066 1094 2127 nolint
1108 2080 1205 2125 omnes
1220 2067 1326 2127 inimici
1347 2069 1417 2143 cius,
1435 2070 1488 2143 qui
1501 2070 1585 2128 casti·

411 2190 483 2248 gaus
498 2174 620 2249 castigat
640 2192 708 2236 suos
728 2181 825 2235 autem
848 2175 934 2233 morti
949 2173 1094 2247 praecipue
1109 2172 1243 2232 secunda
1258 2188 1316 2233 nou
1330 2172 1434 2249 tradit,
1456 2179 1488 2233 et
1503 2191 1585 2248 quem
1609 2187 1611 2201 ¹

411 2278 527 2341 deducit
535 2279 574 2341 ad
585 2278 703 2356 inferos,
720 2280 859 2366 reducere
870 2296 985 2354 quoque
996 2284 1100 2355 potest.
1124 2278 1279 2353 Memento,
1295 2279 1420 2355 domine,
1436 2257 1585 2341 servorum

412 2392 537 2470 tuorum,
554 2387 666 2461 respice
679 2386 781 2448 faciem
796 2387 902 2447 Christi
916 2389 968 2447 tui.
1005 2386 1131 2460 Exurge,
1156 2386 1235 2445 solve
1250 2384 1429 2461 compeditos
1443 2392 1475 2447 et
1488 2402 1585 2446 assere

410 2494 531 2567 gloriam
551 2494 672 2556 nominis
693 2496 746 2556 tui.
789 2494 858 2568 Quis
879 2493 932 2553 tibi
956 2490 1048 2553 fideus
1071 2508 1196 2567 unquam
1216 2490 1334 2553 relictus
1348 2497 1403 2568 cst,
1426 2509 1444 2553 o
1460 2492 1583 2567 domine,

410 2598 481 2659 deus
495 2598 613 2659 noster?
1140 2666 1142 2675 ,

500 2703 612 2763 Eadem
626 2703 758 2765 dominus
772 2704 908 2765 Albcrtus
922 2720 960 2765 ex
973 2720 1036 2779 cap.
1055 2704 1073 2763 5
1089 2702 1227 2765 Matthei:
1248 2702 1313 2763 Nisi
1335 2703 1531 2764 abundaverit
1541 2706 1585 2779 ju·

314 2881 317 2885 ι
409 2807 490 2869 stitia
503 2814 600 2868 vestra
614 2810 765 2889 plusquam
779 2810 937 2871 scribarum
947 2814 977 2869 ot
991 2810 1207 2884 pharisaeorum,
1221 2826 1280 2869 non
1294 2812 1415 2884 potestis
1429 2811 1541 2871 intrare
1556 2812 1589 2869 in.

413 2930 532 2989 regnum
548 2915 595 2975 dci
610 2913 663 2975 etc.
679 2932 770 2989 usque
785 2914 821 2975 ad
837 2931 901 2974 eum
915 2915 1022 2975 locum:
1045 2915 1138 2975 Amen
1151 2914 1205 2975 tibi
1220 2915 1296 2989 dico,
1318 2931 1376 2985 nou
1400 2917 1494 2977 exibis
1508 2917 1582 2990 iude,

392 3019 502 3096 'donec
526 3020 698 3095 persolveris
727 3028 886 3081 eumenum
914 3020 1117 3109 quadrantem,
1148 3020 1332 3081 concionatus
1358 3027 1412 3083 est.
1452 3023 1583 3083 Perlecto

410 3127 558 3199 cvangelio
577 3133 688 3188 textum
708 3128 740 3187 in
763 3132 886 3201 quatuor
907 3128 1052 3188 doctrinas
1072 3127 1176 3189 divisit.
1215 3127 1343 3187 Primum
1363 3126 1399 3186 de
1421 3126 1584 3189 differentia

406 3232 526 3306 justitiae
540 3231 609 3293 fidei
622 3240 653 3293 et
664 3234 800 3309 justitia,
821 3250 886 3308 quae
905 3250 943 3293 ex
962 3234 1026 3307 lege
1047 3233 1179 3308 procedit
1194 3238 1224 3292 et
1237 3232 1431 3293 involuntarie
1447 3236 1583 3309 quodam·

409 3323 495 3401 modo
509 3337 543 3400 fit
557 3357 626 3414 erga
639 3340 779 3400 homines.
816 3338 931 3401 Deinde
949 3339 1091 3413 quomodo
1106 3339 1236 3399 Christus
1257 3338 1351 3412 legem
1370 3338 1408 3399 dc
1428 3357 1488 3401 uon
1510 3344 1581 3403 oeci·

408 3444 503 3506 dendo
517 3445 725 3519 interpretatus
732 3446 780 3505 sit.
803 3445 876 3505 Item
889 3444 926 3504 de
938 3443 1027 3506 verbo
1041 3444 1150 3505 Racha.
1172 3446 1213 3504 Et
1228 3449 1331 3519 quarto
1345 3444 1423 3517 quod
1435 3452 1582 3509 teneamur

409 3566 462 3611 nos
485 3551 672 3611 reconciliare
696 3550 789 3610 boui.
828 3549 1005 3610 Occisiouem
1027 3555 1124 3611 autem
1145 3550 1241 3625 ajebat
1265 3565 1301 3607 cx
1321 3551 1414 3611 tribus
1438 3555 1581 3616 radicibus

407 3658 497 3732 uasti,
512 3674 549 3717 ex
563 3662 665 3733 aperta
678 3658 737 3733 ira,
748 3657 841 3717 *animi
854 3671 975 3717 rancore
989 3661 1020 3715 ct
1033 3656 1128 3726 verbis
1143 3656 1229 3717 tacite
1242 3656 1368 3715 animum
1383 3664 1518 3723 nostrum
1532 3661 1579 3721 sti·

408 3763 582 3824 molentibus
597 3769 651 3825 etc.
674 3762 755 3823 Dixit
769 3778 882 3837 quoque
897 3762 968 3835 quid
982 3759 1078 3821 fatuus
1092 3763 1279 3838 inscriptura
1293 3761 1444 3840 significet,
1462 3772 1494 3827 et
1508 3767 1581 3842 quod

405 3884 461 3944 per
475 3868 575 3929 Racha
596 3884 680 3929 omne
702 3866 822 3929 verbum
842 3868 1024 3927 criminosum
1053 3867 1214 3929 denotetur.
1267 3868 1307 3927 Et
1325 3866 1372 3927 hic
1391 3873 1484 3933 movit
1505 3889 1579 3945 quae-

407 3974 543 4047 stionem,
563 3990 602 4033 an
616 3974 723 4033 nemini
742 3974 830 4033 liceat
843 3973 996 4047 objurgare
1011 3970 1130 4033 irenem
1145 3978 1196 4033 aut
1208 3973 1309 4033 Racha
1322 3974 1365 4033 illi
1380 3976 1487 4037 dicere.
1526 3980 1578 4041 Re·

408 4078 538 4153 spondit,
560 4082 685 4151 quatuor
699 4094 807 4154 genera
819 4078 966 4139 hominum
980 4076 1027 4138 hic
1042 4078 1148 4155 excipi,
1165 4079 1268 4152 quibus
1281 4079 1380 4140 liceat:
1400 4082 1579 4157 magistratui

407 4184 531 4244 seculari
540 4184 608 4259 iure
627 4187 657 4243 ct
670 4182 766 4258 gladio
786 4184 841 4244 sibi
861 4185 1025 4259 commisso,
1049 4184 1221 4245 ecclesiastis
1244 4201 1296 4260 por
1316 4186 1452 4263 uerbum,
1477 4204 1577 4262 paren·

406 4290 483 4350 tibus
497 4293 528 4350 ct
543 4288 665 4349 dominis
678 4290 710 4349 iu
721 4290 829 4351 liberos
839 4296 870 4351 ct
880 4306 980 4351 servos
999 4294 1029 4349 et
1038 4289 1244 4365 ludimagistris
1262 4290 1322 4351 suis
1332 4289 1450 4353 finibus.
1475 4295 1578 4353 Tamen

404 4396 481 4455 mam
495 4400 526 4454 et
538 4397 629 4458 verba
641 4398 704 4457 haec
717 4396 949 4471 circumscripsit,
965 4412 1001 4455 ne
1017 4396 1153 4456 exanimi
1166 4396 1283 4470 proprio
1297 4402 1386 4473 motu,
1402 4399 1456 4458 sed
1471 4415 1508 4458 ex
1521 4398 1577 4459 zelo

404 4501 483 4561 bono
498 4506 529 4560 et
538 4502 623 4575 J'uxia
637 4502 817 4563 vocationem
829 4500 922 4562 lieret.
960 4501 1118 4563 Admonuit
1135 4503 1266 4581 insuper,
1290 4509 1323 4563 ut
1338 4503 1363 4563 si
1378 4503 1419 4564 ab
1429 4504 1577 4577 aliquibus

406 4605 561 4680 aliquando
574 4607 638 4666 laesi
650 4624 705 4669 nos
718 4609 758 4669 ad
771 4606 1013 4669 reconciliandum
1026 4624 1091 4667 cum
1106 4607 1147 4666 eis
1162 4604 1262 4668 faciles
1276 4608 1483 4685 praeberemus.

402 4749 408 4755 ·
495 4711 606 4772 Fndem
619 4713 856 4773 consultationem
868 4714 1087 4773 universitatum
1099 4712 1391 4789 Wittenbcrgenaium
1406 4720 1438 4773 et
1452 4715 1575 4789 Lypscn·

401 4813 482 4877 amm
495 4814 618 4895 legimus
637 4821 668 4881 et
687 4834 752 4881 can
769 4819 853 4881 uobis
873 4818 997 4882 dmcnbi
1016 4818 1186 4881 enavimus.
1223 4819 1299 4881 Hinc
1318 4819 1449 4881 timenda
1467 4819 1575 4880 videtur
