3700 5692
384 1537 566 1626 Duodecimo
585 1563 686 1624 Martii
705 1561 833 1624 exhibita
851 1568 897 1622 est
917 1561 1016 1623 citatio
1032 1559 1129 1622 Caroli
1155 1563 1253 1636 Quinti
1273 1563 1395 1626 Caesaris
1414 1565 1473 1626 Au·
1585 1587 1586 1590 ¹

291 1673 386 1748 gusti,
406 1687 465 1745 qua
479 1670 570 1729 dictus
586 1667 687 1729 comm
696 1668 852 1730 Wolradus
866 1667 904 1728 ob
916 1667 1123 1728 malevolorum
1136 1668 1274 1730 invidiam
1289 1673 1393 1732 citatus
1408 1671 1472 1732 init.

383 1777 415 1850 iij
431 1775 541 1851 Aprilis
563 1773 722 1836 Corbacbio
742 1773 865 1851 proiecti
883 1773 990 1836 ibidem
1010 1773 1127 1834 comites
1148 1775 1313 1851 Philippum
1329 1777 1474 1852 jnniorem

292 1889 324 1944 et
343 1883 488 1943 loannem
506 1868 612 1940 iratres
627 1884 658 1940 et
671 1885 803 1954 nepotem
818 1879 1028 1956 praestolantes.
1065 1879 1152 1938 Faxit
1175 1878 1305 1942 Christus
1320 1885 1379 1957 opt.
1396 1897 1472 1944 max.

291 1993 327 2048 nt
342 1985 440 2047 fausta
455 1988 514 2048 sint
528 1986 639 2046 onmial
745 2035 749 2042 .

384 2094 414 2152 ir
427 2092 537 2168 Aprilis
550 2091 702 2166 Philippus
716 2095 747 2149 et
759 2089 887 2152 loannes
902 2088 1009 2150 babes
1019 2092 1110 2150 nostri
1126 2097 1156 2151 et
1165 2090 1280 2151 Samuel
1293 2107 1382 2168 nepos
1397 2093 1472 2153 Her·

291 2214 432 2259 mannnm
446 2214 465 2257 a
479 2196 735 2271 Wolmerkbusen,
745 2195 887 2256 loannem
900 2195 1101 2270 Miloblingum
1115 2211 1133 2256 a
1146 2195 1306 2257 Scbonstad
1321 2199 1471 2274 seniorem,

291 2291 453 2366 Henricum
472 2301 592 2363 nothum
612 2317 631 2359 a
650 2299 801 2376 Waldeolr,
824 2301 1027 2363 wendelinum
1047 2299 1263 2376 carbonarium,
1287 2280 1423 2377 Pbilippo
1443 2309 1473 2364 et

291 2409 404 2471 Joanni
421 2407 560 2469 iratribus
580 2424 598 2467 a
618 2408 747 2481 secretis,
770 2407 969 2467 Hermaeum
987 2407 1113 2467 Nellinm
1132 2407 1302 2483 Sperantem
1321 2406 1470 2483 Wolrado,

292 2522 324 2577 et
341 2516 487 2576 Joennem
500 2513 585 2572 nana
599 2511 734 2588 Philippo
749 2513 856 2573 seniori
874 2511 971 2574 comiti
991 2510 1163 2573 aWaldcok
1182 2493 1341 2588 asseratis,
1358 2514 1388 2572 in
1402 2527 1470 2573 oon·

292 2621 390 2680 silium
404 2618 582 2692 adhibentes,
606 2618 643 2677 de
657 2618 732 2678 mole
747 2621 925 2694 negotiorum
941 2633 975 2678 ao
990 2635 1028 2678 an
1050 2619 1146 2678 comiti
1161 2617 1295 2692 Samueli,
1321 2617 1399 2694 quod
1413 2635 1471 2680 non

291 2728 397 2788 citatus
417 2730 503 2799 esset,
526 2724 597 2784 utils
617 2721 704 2798 foret,
728 2724 876 2784 nobiscnm
895 2725 1056 2800 Augustam
1077 2721 1227 2798 proficisci.
1262 2723 1355 2785 Nobis
1374 2728 1471 2785 antem

291 2846 349 2892 non
364 2845 472 2906 parvas
487 2827 526 2888 ob
541 2845 642 2890 causas
657 2830 831 2891 instantibus
845 2835 878 2890 ut
892 2829 969 2891 domi
983 2835 1123 2905 maneret,
1136 2833 1232 2890 tamen
1243 2831 1366 2906 pervicit
1379 2831 1470 2904 patris

292 2939 384 3013 ipsius
403 2941 580 3012 praeceptum
600 2951 634 2996 ac
649 2935 789 2997 Samuelis
803 2936 948 3010 voluntas,
972 2941 1005 2996 ut
1023 2937 1171 3015 nobiscum
1186 2932 1392 3010 profectionem
1406 2951 1469 2996 sns-

293 3043 413 3119 ciperet.
625 3071 633 3084 ·
881 3026 885 3030 ¹

380 3163 400 3205 r
421 3146 531 3222 Aprilis
554 3146 721 3221 charissima
747 3147 849 3208 relicta
876 3163 967 3209 uxore
994 3147 1033 3208 ad
1054 3147 1155 3208 Fnldae
1177 3146 1283 3209 vadum
1310 3146 1395 3221 vulgo
1423 3145 1470 3207 die

293 3271 343 3314 zur
357 3252 440 3314 Vbur
460 3251 591 3312 Eubulus
611 3251 772 3326 contendit,
795 3252 845 3314 ubi
865 3253 1008 3315 dominam
1029 3269 1141 3314 socrum
1160 3269 1179 3312 a
1199 3251 1403 3325 Schwarnburg
1421 3269 1467 3312 re·
1568 3287 1570 3292 .

210 3413 213 3418 .
295 3359 383 3434 perit,
407 3373 474 3432 qnae
499 3357 634 3417 uiaticum
655 3359 686 3418 in
710 3358 815 3419 itinere
833 3366 963 3420 mutuum
989 3357 1071 3420 dedit
1091 3355 1216 3417 florenos
1239 3357 1325 3416 mille.
1364 3355 1469 3416 Catari

293 3469 391 3525 autem
405 3464 524 3524 comites
537 3463 568 3522 in
582 3463 696 3539 Hayda,
721 3465 788 3524 olim
802 3465 946 3540 virginum
967 3463 1117 3524 vestalium
1137 3461 1283 3536 coenobio,
1306 3455 1469 3536 pernoctati

293 3575 368 3632 sunt.

380 3675 410 3750 vj
425 3673 535 3750 Aprilis
556 3645 686 3735 Alnbnlus
706 3677 801 3736 socrui
822 3676 895 3736 bene
915 3676 1048 3750 precatus
1069 3687 1132 3732 eam
1147 3670 1326 3731 Waldeoiam
1345 3669 1383 3731 sd
1397 3685 1467 3731 uxo·

294 3799 353 3843 rem
368 3786 400 3842 et
413 3779 502 3841 tiliam
516 3779 604 3854 misit,
626 3781 688 3855 ipse
703 3797 766 3840 cnm
782 3781 893 3842 caeteris
909 3779 1059 3841 comitibus
1073 3776 1253 3838 Marxsnlam
1268 3775 1467 3850 proficiscitur.

381 3889 462 3947 Inter
484 3886 566 3947 Vbar
589 3890 618 3946 et
640 3886 773 3961 Heydam
796 3888 902 3957 Joauni
925 3885 1097 3959 Miloblinpo
1115 3884 1222 3943 seniori
1247 3889 1277 3943 et
1300 3884 1468 3943 Hermanno

294 3993 387 4054 Nellio
403 3992 539 4069 Speranti
553 4009 650 4053 rerum
665 3993 884 4053 domesticarum
904 4009 938 4052 ac
952 3992 1079 4066 regionis
1101 4007 1199 4050 curam
1219 3989 1422 4050 commendans
1437 3991 1468 4050 in
1570 4011 1571 4016 ¹

293 4097 396 4174 Heyda
410 4114 526 4172 quoque
541 4097 602 4159 dati
616 4103 684 4157 sunt
697 4095 835 4157 trabibus
849 4113 904 4173 per
917 4097 1115 4157 Hermannnm
1130 4102 1244 4156 centum
1260 4100 1289 4155 et
1304 4097 1467 4171 sesquicen-

294 4210 354 4265 tum
367 4202 473 4264 thaleri
488 4204 518 4261 in
534 4201 691 4265 subsidium
704 4202 793 4263 annui
804 4202 944 4278 redditus,
955 4203 1004 4277 oni
1020 4217 1097 4262 nnnc
1111 4202 1210 4262 matris
1224 4201 1353 4262 ritalitiis
1368 4201 1470 4262 exilior

294 4308 423 4371 redditus
437 4312 492 4368 cst.

381 4413 540 4474 Alorxsnlae
555 4429 574 4474 a
588 4414 776 4490 pandocbaeo,
801 4414 847 4474 cni
865 4429 970 4474 nomen
985 4413 1052 4474 Otto
1068 4409 1232 4484 &bescela
1255 4407 1361 4468 fratres
1380 4422 1469 4483 nepos

294 4526 324 4583 et
340 4537 395 4596 ego
415 4519 569 4594 infantem,
593 4536 679 4594 quem
696 4520 740 4580 illi
757 4535 830 4581 uxor
850 4536 904 4580 sua
923 4535 958 4580 eo
977 4517 1023 4578 die
1043 4520 1227 4593 perpererat,
1251 4529 1267 4574 c
1287 4529 1369 4573 sacro
1389 4509 1468 4573 fonte

294 4626 392 4688 leuare
405 4628 501 4702 rogati
515 4643 621 4686 sumus.
652 4627 748 4688 Puero
764 4641 867 4687 nomen
882 4624 1007 4684 inditum
1021 4618 1150 4682 Gotthilf.

382 4733 421 4809 vij
443 4732 553 4809 Aprilis
572 4750 590 4793 a
608 4732 759 4794 Marx'sola
780 4732 948 4806 Meiningen
971 4725 1179 4802 contendimus,
1203 4739 1260 4800 quo
1282 4741 1344 4785 curn
1365 4737 1467 4801 perse·
1597 4718 1600 4724 ’

297 4839 436 4901 memus
455 4856 474 4902 a
493 4839 616 4901 dominis
637 4837 674 4901 de
695 4837 871 4914 Henneberg
890 4831 1064 4898 Masieldam
1082 4831 1226 4908 aoeermti,
1250 4831 1328 4908 apud
1346 4846 1418 4906 quos
1439 4833 1469 4891 ut
