3700 5692
869 710 933 775 103

401 894 467 955 Ηιι
480 894 528 953 die
541 895 634 967 ιιιιιιιι
648 893 696 952 hic
708 892 974 966 praestantissimum
989 895 1081 954 virum
1097 893 1123 953 d.
1140 894 1284 962 iacobum.
1295 898 1401 969 sturm,
1416 913 1483 972 pro-

311 1000 458 1061 consulem
472 999 746 1073 Argentoratensem
760 996 890 1057 vidimus.
928 1000 1035 1058 Verum
1055 998 1080 1055 is
1100 1001 1192 1059 nostri
1211 1001 1316 1061 oblitos
1336 1008 1409 1075 erat,
1432 1018 1486 1061 neo

310 1103 380 1165 dum
394 1105 532 1178 temporis
546 1104 593 1163 vel
606 1104 663 1177 ipsi
677 1104 723 1161 vel
736 1103 819 1169 nobis
833 1102 954 1163 vocabat
967 1104 1060 1177 ipsum
1074 1103 1150 1163 inter
1164 1121 1247 1163 sacra
1261 1106 1423 1165 molestare.

400 1210 529 1269 Pramus
544 1215 589 1267 est
602 1208 750 1272 uobiscum
765 1208 885 1271 Carolus
900 1226 918 1269 a
934 1208 1095 1274 Stookhem.
1126 1209 1153 1267 A
1173 1210 1296 1283 prandio
1316 1211 1414 1271 hortos
1432 1210 1483 1271 Ja-

310 1312 377 1373 cobi
397 1313 489 1373 Adler
510 1318 542 1373 et
563 1315 623 1373 Viti
645 1314 764 1375 witam
786 1312 936 1373 saonideis
958 1313 1050 1373 hortis
1073 1330 1131 1374 non
1154 1315 1242 1375 musto
1266 1316 1417 1375 dissimiles
1440 1317 1482 1379 ,ιι-

308 1418 414 1477 dimus.

400 1521 448 1583 Ad
467 1523 583 1582 tertiam
600 1520 830 1597 pomeridianum
848 1523 877 1581 d.
898 1522 1057 1598 Musculus,
1081 1523 1158 1598 quod
1176 1524 1324 1596 reliquom·
1338 1529 1401 1583 erat
1415 1505 1482 1589 cou-

307 1627 410 1701 cicnis,
433 1627 564 1687 absolvit.
597 1626 655 1688 Sed
670 1625 757 1702 (proh
771 1625 865 1702 dolor)
881 1644 935 1686 nos
950 1628 1005 1687 toti
1019 1644 1076 1687 non
1097 1626 1257 1687 aderamus.
1288 1628 1419 1702 Urgebot
1433 1646 1483 1701 au·

306 1738 367 1792 tem
388 1731 445 1790 hoc
463 1732 501 1791 (ιι
521 1732 695 1791 unanimiter
715 1730 897 1805 congregatis
916 1730 1027 1793 dicens:
1051 1734 1118 1792 Non
1140 1748 1246 1807 omnes,
1271 1733 1320 1805 qui
1342 1734 1483 1817 malique
1532 1814 1533 1819 ἵ

304 1852 340 1895 ιι
371 1836 555 1895 consentiunt
582 1842 612 1895 et
638 1836 768 1924 ejusdem
793 1836 880 1895 ιιιίιιιι
907 1843 988 1911 sunt,
1017 1839 1158 1913 recipiunt
1184 1840 1316 1914 spiritum
1343 1843 1481 1898 sanctum.

306 1940 384 2000 Num
406 1946 437 1999 et
454 1940 592 2014 phorisaei
611 1945 642 2000 et
660 1939 809 2016 pontifices
827 1942 979 2015 potiorque
1000 1958 1068 2015 pers
1087 1943 1185 2016 populi
1199 1942 1314 2003 Judaici
1335 1945 1482 2003 unamines

304 2050 394 2105 ment
408 2046 536 2105 etmulti
550 2046 609 2119 alii,
632 2047 735 2119 quibus
748 2045 825 2105 forte
839 2046 914 2105 idem
930 2047 1040 2120 animm
1055 2047 1086 2105 ιιι
1100 2064 1152 2106 sno
1167 2063 1255 2105 ιιιιι
1269 2053 1340 2120 erat,
1363 2048 1395 2105 ιιι
1409 2047 1482 2105 urbe

304 2149 506 2222 Hierusalem
535 2166 634 2209 verum
660 2150 699 2209 ad
727 2152 860 2225 exiguum
881 2150 962 2211 illum
983 2167 1098 2226 gregem
1120 2153 1163 2211 in
1174 2150 1287 2211 Christo
1309 2135 1482 2211 unanimiter

306 2260 517 2330 congregatum
536 2256 615 2315 venit
634 2255 752 2328 spiritus
771 2260 895 2315 mucius
925 2255 992 2315 Non
1012 2257 1087 2315 enim
1106 2258 1197 2317 omnis
1212 2257 1280 2341 unic
1294 2255 1357 2317 Deo
1377 2256 1480 2329 placet,

305 2359 360 2420 sed
375 2376 413 2419 es
426 2363 547 2434 tautum,
570 2376 634 2433 quse
649 2360 781 2420 consistit
795 2365 825 2419 et
839 2361 905 2426 eet
896 2378 928 2419 ιιι
947 2362 1161 2421 ιιιιιιιιιιιιιιι
1153 2378 1183 2419 ιιι
1198 2334 1311 2419 Christo
1326 2360 1345 2419 J
1346 2376 1406 2434 esu
1429 2376 1481 2419 uec

304 2479 470 2539 quicquam
477 2462 547 2523 facit
560 2464 599 2523 ad
611 2464 913 2525 hocahsssomnrere
927 2481 1056 2525 umores
1407 2516 1411 2522 .

396 2568 509 2629 Eadem
524 2569 589 2628 duci
603 2570 741 2629 Mamilio
756 2570 854 2630 oblata
869 2576 914 2629 est
928 2574 1027 2631 nostro
1042 2571 1156 2630 nomine
1171 2571 1350 2645 supplicatio.
1374 2572 1480 2629 Verum

302 2676 389 2735 iseit
402 2680 543 2751 prestare
563 2680 597 2735 nt
610 2675 757 2735 archiduci
776 2674 914 2735 offeratur
934 2676 1085 2749 scriptum,
1110 2676 1160 2749 qui
1174 2692 1205 2735 se
1223 2674 1336 2735 facilem
1347 2676 1481 2751 prebere

263 2779 265 2784 '
302 2780 385 2839 velit
423 2779 555 2839 Mauritii
576 2796 695 2853 operam
717 2781 800 2841 nobie
821 2798 880 2841 ιοιι
900 2781 1072 2841 defuturam.
1112 2780 1170 2841 Sed
1191 2784 1289 2839 manet
1311 2781 1482 2859 pervulgata

302 2884 464 2972 sententiar
487 2885 571 2953 Vena
584 2890 629 2945 est
643 2886 721 2945 selus
735 2885 772 2945 ab
786 2886 908 2950 homine.
934 2887 978 2945 Τιι
993 2887 1084 2947 nostri
1098 2886 1262 2959 recordere,
1277 2886 1427 2945 altissime!

396 2988 476 3051 Nota
494 2989 530 3049 de
550 2989 695 3051 discordia
715 2990 888 3065 Milohlingii
906 2996 937 3051 et
954 2991 1061 3052 Lindii
1099 2991 1232 3051 Uberius
1253 2996 1384 3065 remotas,
1408 2991 1482 3050 olter

303 3109 421 3155 morsus
435 3092 502 3167 alit,
524 3092 604 3153 Dens
617 3096 699 3160 norit
713 3100 855 3155 eventum

395 3198 508 3258 Eodem
528 3200 606 3258 venit
626 3200 799 3259 secretarius
820 3199 1057 3261 Monosteriensis
1078 3160 1201 3261 afferens
1223 3217 1282 3275 ees,
1307 3217 1388 3275 quos
1382 3202 1481 3261 inter-

302 3308 400 3379 ceptae
420 3303 732 3377 cacuminantem,
756 3320 821 3378 quse
841 3305 953 3363 incuria
972 3305 1158 3365 scribarum
1146 3322 1208 3377 Jem
1225 3304 1287 3363 fere
1307 3304 1481 3378 septimtnas

305 3411 436 3483 quinque
451 3424 611 3482 suppresse
630 3407 753 3471 fuerant.
784 3410 901 3482 Iniuuxi
918 3424 989 3483 ergo
1010 3409 1174 3483 secretorio,
1198 3412 1231 3466 ut
1245 3408 1361 3481 presuli
1375 3408 1479 3467 rescri-

304 3516 401 3587 beret,
423 3513 495 3571 nrihi
513 3530 573 3573 non
591 3514 683 3573 rideri
704 3531 740 3573 ex
756 3530 790 3572 re
808 3512 879 3588 iore,
903 3520 936 3571 ut
950 3514 980 3572 in
1000 3513 1055 3572 hoc
1070 3514 1185 3587 negotio
1200 3530 1253 3585 per
1268 3528 1313 3569 me
1328 3512 1480 3584 quicquam

304 3623 455 3693 ageretur,
477 3618 565 3691 idque
584 3619 761 3704 potissimum
783 3619 894 3679 duobus
917 3619 953 3678 de
974 3619 1081 3692 causis,
1104 3634 1163 3675 una
1184 3616 1262 3689 quod
1283 3621 1396 3687 tempus
1416 3616 1478 3677 diu·

304 3725 400 3784 tinum
415 3721 624 3801 intercessisset
637 3729 667 3783 et
680 3740 726 3782 me
740 3724 840 3799 latent,
863 3740 932 3783 num
952 3724 1064 3783 interea
1082 3722 1218 3795 temporis
1238 3721 1294 3779 huc
1314 3718 1393 3779 aliud
1413 3736 1479 3792 per-

306 3830 449 3903 scriptum
463 3828 544 3885 sitm
558 3843 646 3886 causa
659 3827 723 3901 hac,
746 3846 785 3888 an
799 3845 894 3903 secus3
918 3830 1011 3889 altera
1031 3828 1108 3902 quod
1128 3827 1213 3886 sciret
1232 3842 1284 3885 nos
1304 3824 1458 3889 nondum
1450 3841 1479 3881 ιιι

304 3934 433 4008 gratim
447 3930 486 3990 ab
501 3932 674 4005 imperatore
688 3939 829 4007 receptos
853 3935 903 3995 Sin
916 3951 987 3999 roro
1000 3936 1104 3993 iterato
1117 3933 1267 4006 episcopus
1279 3930 1358 3989 aliud
1368 3928 1479 4003 jubeat,

305 4056 353 4099 me
367 4038 408 4099 ad
422 4038 518 4097 omnio
532 4041 674 4111 paratum

399 4140 460 4202 Sub
478 4147 591 4201 noctem
609 4159 709 4203 rumor
722 4144 856 4203 subortus
876 4144 947 4204 est
939 4161 969 4202 ιιι
989 4142 1098 4202 milibus
1119 4141 1316 4215 landtgraviae‚
1339 4140 1481 4199 Josuuem

306 4246 428 4307 fratrem
442 4248 622 4306 vulneratum
638 4264 710 4320 esse,
734 4247 786 4307 sed
805 4263 872 4307 mox
885 4249 1027 4307 loannem
1046 4248 1176 4307 comitem
1197 4264 1215 4305 ι
1229 4244 1376 4316 Rellsberg
1396 4258 1479 4316 epe·

307 4351 417 4436 (litibus
430 4351 584 4411 nonnullus
599 4357 629 4410 et
643 4352 759 4411 brachio
774 4358 804 4411 et
818 4370 903 4413 manu
917 4354 1112 4426 vulneratum,
1136 4354 1311 4422 compertum
1326 4351 1378 4405 est.

397 4456 532 4530 Erigitur
546 4474 677 4522 nummus
691 4457 728 4516 ab
743 4458 872 4532 imperio,
881 4463 911 4517 et
924 4457 1028 4517 dicitur
1044 4457 1080 4516 ab
1095 4456 1238 4528 aliquibus
1252 4455 1354 4511 contre
1367 4450 1481 4510 interim

307 4560 380 4620 illud
394 4565 585 4634 protestatum
599 4579 672 4623 esse.

398 4666 447 4739 xxj
463 4667 492 4724 in
507 4667 613 4741 templo
627 4667 757 4727 Mauritii
772 4667 799 4726 d.
815 4668 942 4727 loannes
957 4665 1099 4724 Henricus
1121 4662 1305 4723 concionatus
1321 4665 1374 4734 est,
1398 4676 1480 4733 repe·

309 4777 378 4831 teos
396 4786 443 4846 ιι,
465 4786 530 4845 ques
550 4787 586 4831 ex
606 4786 669 4844 cop.
692 4771 731 4844 xij
752 4772 880 4845 epistolae
901 4772 940 4831 ad
960 4771 1102 4834 Romanos
1125 4768 1270 4841 docuerat,
1294 4782 1327 4825 oo
1350 4765 1482 4859 orelegit
