3700 5692
859 728 919 793 iar

303 912 452 986 accipere,
484 918 514 971 et
537 916 570 969 ut
595 910 627 969 id
650 911 787 985 temporis
816 912 980 973 adessemus
1004 912 1098 985 jussit.
1152 913 1230 972 Idem
1256 915 1353 986 jussus
1379 920 1424 973 est
1446 920 1475 973 et

305 1018 439 1077 caroius.

392 1122 521 1181 Prandio
535 1127 635 1181 nostro
653 1119 775 1180 Carolus
790 1139 809 1181 a
823 1122 948 1181 Stocken
964 1126 993 1181 et
1007 1123 1148 1182 Barleven
1163 1122 1363 1184 interfuerunt.
1395 1128 1472 1185 Emi-

301 1244 366 1287 mus
387 1227 487 1287 eadem
507 1227 647 1300 seriptum
670 1227 775 1299 prioris
796 1228 827 1285 in
854 1227 1006 1301 Rhedorii,
1034 1244 1090 1301 quo
1113 1230 1227 1302 pinguis
1250 1232 1426 1304 aqualiculus
1447 1238 1476 1291 et

301 1335 456 1392 murum
470 1332 654 1391 Roterodam.
670 1333 763 1406 carpit
777 1339 807 1391 et
821 1334 918 1393 divum
933 1334 1053 1393 Paulum
1068 1348 1187 1391 uxorem
1202 1350 1259 1393 nou
1274 1335 1406 1395 habuisse
1421 1337 1473 1397 ad·

301 1442 417 1497 struere
432 1442 563 1496 conatur.

391 1543 504 1602 Eadem
524 1543 698 1602 Fredericus
716 1544 827 1617 Perper
849 1542 966 1619 Georgii
988 1543 1062 1604 iilius
1083 1546 1275 1605 aRatisbona
1294 1562 1346 1605 nos
1369 1548 1464 1605 invisit

300 1649 433 1708 indicans
447 1650 524 1707 inter
539 1652 638 1707 cetero
658 1648 694 1707 de
715 1650 912 1708 controuersia
927 1650 1041 1708 Luxani
1063 1649 1191 1724 praefecti
1212 1652 1284 1725 regii
1305 1666 1339 1709 uo
1360 1652 1476 1725 Georgii

301 1755 433 1829 Pergeri,
450 1760 480 1812 et
494 1754 636 1826 quomodo
652 1751 744 1813 wmn
755 1753 857 1812 Halier
874 1755 1033 1829 Pergerum
1047 1758 1077 1814 in
1091 1759 1210 1816 tutelam
1226 1758 1376 1831 acceperit.
1405 1757 1476 1815 Orta

302 1864 402 1918 autem
417 1863 462 1917 est
475 1858 538 1916 haeo
551 1860 616 1917 rixo
634 1858 673 1917 ob
687 1874 744 1917 nou
759 1858 937 1933 hospitat-nm
952 1862 1130 1919 bohemicum
1145 1861 1281 1934 aulicum,
1304 1878 1366 1921 cum
1381 1869 1475 1921 temen

301 1966 456 2024 Gattorum
471 1965 583 2037 legatos
597 1965 722 2038 bospitio
736 1964 903 2038 excepisset.
943 1966 1136 2040 Interrogavit
1151 1982 1265 2037 quoque
1281 1984 1332 2029 nos
1348 1968 1385 2025 de
1399 1967 1475 2026 vele-

299 2069 403 2129 tudine
418 2069 550 2142 Pistori,
575 2070 643 2127 item
664 2085 701 2126 an
723 2069 792 2127 urrini
814 2086 850 2127 ex
872 2086 961 2129 uxore
975 2072 1058 2132 liberi
1073 2073 1139 2130 siut.
1178 2070 1281 2129 Aiebat
1296 2077 1430 2144 parentes
1446 2078 1475 2130 et

299 2175 409 2235 fratres
432 2190 499 2233 suos
521 2174 598 2233 bona
619 2188 683 2232 esse
704 2172 878 2233 ualetudine.
918 2175 1059 2235 Invitatus
1082 2181 1126 2234 est
1149 2193 1167 2234 a
1191 2176 1272 2235 nobis
1294 2176 1330 2235 ad
1353 2192 1473 2253 omnam

299 2296 402 2340 uerum
418 2280 598 2352 grauioribus
613 2283 768 2353 occupatus
781 2280 882 2339 uenire
897 2296 954 2339 non
969 2282 1072 2353 potuit

392 2386 533 2457 Quoniam
548 2391 599 2444 tua
617 2386 748 2444 voluntas
763 2391 817 2459 est,
833 2386 956 2459 domine,
980 2393 1013 2445 ut
1031 2402 1084 2460 pro
1104 2384 1332 2445 benefactoribus
1351 2403 1474 2461 oremus,

300 2490 425 2550 benefac
439 2491 490 2565 eis,
514 2492 564 2563 qui
578 2490 660 2550 nobis
679 2492 753 2549 bene
773 2491 935 2565 voluerunt,
952 2496 1070 2565 propter
1088 2506 1192 2549 nomen
1213 2497 1343 2550 sunctum
1362 2498 1451 2550 tuum.

391 2598 462 2654 xxix
475 2596 547 2670 Mrp'i
560 2598 592 2655 in
605 2597 713 2671 templo
727 2597 930 2657 observantem
946 2597 973 2655 d.
994 2596 1164 2655 Leonardus
1183 2613 1218 2655 ex
1237 2612 1299 2671 eep.
1319 2597 1438 2657 ioannis
1455 2601 1472 2657 3

302 2702 340 2761 de
354 2703 493 2774 mysterio
508 2707 698 2761 sacrosanctae
713 2702 815 2761 triadis
831 2705 1015 2762 concionatus
1031 2708 1082 2776 est,
1107 2702 1244 2776 indicans,
1269 2720 1352 2776 quem
1368 2704 1475 2762 homini

301 2824 339 2867 ex
355 2807 482 2881 propriis
505 2806 614 2865 viribus
633 2806 809 2866 divinitatem
830 2823 987 2881 agnoscere
1002 2807 1176 2881 impossibiie
1191 2808 1238 2867 sit.
1277 2807 1432 2867 Proferens
1446 2809 1476 2867 in

300 2912 429 2973 medium
445 2919 542 2971 notum
556 2913 630 2971 iilud
645 2912 682 2971 de
697 2914 793 2986 puello
808 2913 873 2973 vola
887 2930 988 2973 manus
1003 2930 1083 2972 mare
1098 2915 1250 2972 exhaurire
1266 2921 1386 2973 conante
1403 2920 1431 2972 et
1447 2914 1474 2972 d.

301 3020 468 3091 Augustino
482 3022 536 3077 etc.
573 3019 647 3076 Item
667 3017 703 3077 de
725 3019 867 3077 distinctis
889 3020 1018 3091 personis
1040 3020 1070 3078 in
1090 3019 1191 3078 eadem
1204 3020 1334 3080 trinitate
1349 3025 1378 3079 et
1391 3021 1475 3093 hrrjus

300 3126 348 3185 rei
359 3125 525 3184 testimoma
536 3114 686 3199 scriptume
700 3123 828 3183 adduxit.
852 3124 924 3183 Item
940 3123 1090 3197 quomodo,
1107 3124 1173 3183 dum
1188 3126 1384 3198 baptizaretur
1391 3127 1475 3185 Chri-

302 3236 366 3291 stus
380 3232 413 3289 in
426 3230 564 3304 Jordane,
581 3232 671 3302 patria
687 3245 742 3288 uox
757 3230 831 3305 (nee
845 3230 967 3287 scilicet:
985 3230 1040 3287 Hic
1055 3235 1099 3287 est
1113 3228 1189 3288 filius
1205 3247 1284 3290 mens
1301 3233 1430 3306 dilectus,
1447 3235 1475 3291 in

303 3354 363 3411 qno
382 3336 454 3395 mibi
473 3336 547 3394 bene
563 3336 759 3409 complacitum
780 3340 837 3407 est,
862 3336 941 3393 hunc
960 3331 1069 3406 audite)
1093 3336 1192 3393 audita
1212 3342 1263 3395 est.
1309 3336 1399 3396 Filius
1415 3342 1477 3397 erat

302 3444 377 3518 ipse,
394 3442 443 3516 qui
456 3442 666 3515 baptizabatur,
681 3448 713 3501 et
727 3456 750 3500 s.
762 3442 878 3513 spiritus
891 3441 922 3498 in
938 3441 1032 3512 speeie
1047 3438 1185 3499 columbae
1200 3456 1287 3514 super
1301 3442 1371 3501 Jesn
1380 3458 1474 3515 *appa-

306 3549 377 3606 ruit.
418 3548 490 3606 Item
505 3547 583 3621 quod
597 3544 673 3605 iilius
689 3546 780 3604 solum
796 3546 982 3618 assumpserit
995 3560 1109 3619 corpus.
1141 3546 1213 3603 item
1228 3546 1304 3618 quod
1319 3547 1436 3621 spiritus
1452 3564 1474 3606 s.

305 3653 341 3713 de
357 3657 442 3725 patre
456 3655 486 3709 et
500 3649 558 3711 filio
573 3651 612 3710 sit
625 3652 794 3725 procedens,
811 3653 878 3711 item
894 3666 979 3725 quam
995 3652 1092 3725 inepte
1107 3649 1203 3708 Judeei
1218 3654 1247 3710 et
1262 3652 1358 3733 caeteri
1373 3650 1475 3709 infide-

304 3759 349 3817 les
366 3772 420 3815 noa
436 3755 614 3815 Christianos
633 3760 694 3815 tres
709 3756 778 3817 deos
794 3758 930 3831 odorare,
956 3770 1019 3813 cum
1038 3758 1068 3814 in
1091 3770 1175 3813 unum
1191 3759 1300 3813 tantum
1317 3755 1475 3829 credemus,

304 3862 456 3934 effutiant3
479 3861 558 3934 quod
571 3859 651 3920 Deus
673 3862 712 3920 sit
729 3863 847 3936 spiritus
866 3878 925 3920 non
945 3861 1056 3922 habens
1071 3876 1174 3936 corpus
1190 3863 1295 3919 nostris
1311 3860 1477 3933 corporibus

304 3970 413 4040 simile;
430 3968 507 4041 quod
522 3973 617 4027 autem
633 3984 656 4025 s.
672 3967 887 4041 scripturaDeo
901 3969 1009 4041 oculos,
1025 3968 1142 4039 vultum,
1155 3982 1255 4025 manus
1266 3971 1320 4025 etc·
1337 3968 1475 4040 attribuit,

305 4075 336 4134 id
349 4073 425 4146 fieri,
450 4072 529 4150 cuod
548 4074 691 4146 scripture
714 4089 767 4146 pro
792 4076 876 4145 captu
899 4074 1025 4131 humano
1047 4072 1223 4132 divinitatem
1244 4074 1477 4134 circumscribens

306 4182 455 4254 loquatur.
480 4179 551 4252 Quae
566 4178 635 4238 alibi
650 4193 669 4236 a
683 4178 768 4237 nullis
782 4178 945 4237 monalium
961 4178 1026 4251 capi
1040 4182 1145 4251 posset.
1169 4178 1234 4235 Huc
1247 4178 1338 4237 multa
1351 4180 1476 4238 testimo-

305 4287 357 4347 nia
373 4302 410 4345 ex
424 4284 541 4358 psoirms
556 4290 586 4343 et
600 4283 664 4343 aliis
678 4282 780 4342 Bibliae
798 4283 868 4341 locis
884 4280 1026 4342 adferens.
1065 4285 1136 4343 Item
1152 4298 1240 4355 quare
1255 4300 1278 4341 s.
1294 4284 1410 4356 spiritus
1426 4300 1476 4341 no·

304 4394 432 4453 minetur
446 4397 558 4463 ventus,
573 4393 642 4449 item
657 4388 693 4448 de
702 4390 731 4447 ri
751 4390 918 4463 etpotentia
928 4393 1086 4460 ventorum,
1104 4388 1166 4447 euri
1181 4387 1296 4459 scilicet,
1313 4390 1362 4458 qui
1377 4392 1478 4445 cuncte

305 4496 411 4573 perflet
432 4501 462 4556 et
482 4497 638 4569 concutiat,
662 4499 692 4554 et
705 4492 829 4567 fauonii,
855 4495 976 4566 quisue
997 4492 1066 4553 flatu
1089 4493 1184 4551 omnia
1200 4491 1349 4549 exhilaret.
1388 4492 1434 4550 Sic
1450 4499 1479 4551 et

306 4605 427 4679 spiritus
443 4618 465 4660 s.
481 4598 592 4660 afflatui
606 4615 688 4659 nemo
703 4602 839 4659 resistere
854 4604 958 4673 potest,
976 4601 1050 4657 siout
1064 4596 1213 4672 propalam
1223 4596 1310 4653 visum
1329 4599 1415 4654 estin
1433 4596 1478 4655 die

305 4710 499 4782 pentecostes,
512 4704 622 4765 frustra
635 4704 861 4778 repugnantibus
876 4702 1030 4764 Pharisaeis
1054 4706 1084 4760 et
1098 4699 1198 4759 scribis
1215 4706 1267 4759 etc.
1306 4701 1345 4758 Et
1359 4700 1426 4760 huic
1440 4702 1478 4761 ad

306 4813 385 4872 buno
397 4826 489 4884 nsque
504 4809 580 4869 mem
594 4813 672 4867 totus
686 4807 809 4867 mundus
827 4810 964 4869 resistere
984 4812 1116 4882 conatur,
1141 4810 1281 4865 ettamen
1302 4806 1347 4864 bic
1361 4807 1478 4880 spiritus
