3700 5692
397 920 528 977 noem
551 912 590 976 ds
610 913 694 974 nohis
712 913 800 975 hodie
823 912 1021 988 quotidianum
1044 929 1165 990 eumque
1185 914 1301 979 Duude
1320 930 1406 978 serve
1419 920 1473 977 tuo
1487 916 1572 994 ediu-

396 1026 485 1081 eunte
499 1026 552 1083 nos
566 1020 671 1095 spiritu
685 1025 784 1081 sendo
799 1025 850 1080 tuo
864 1020 1063 1094 inclamamus,
1087 1038 1124 1081 ne
1138 1020 1253 1095 euleres
1267 1022 1387 1085 verbum
1407 1040 1426 1084 s
1440 1022 1528 1084 eorde
1543 1030 1574 1085 et

394 1142 449 1189 ore
463 1142 537 1187 meo.
559 1127 616 1201 Ru,
632 1126 834 1201 benignissime
848 1130 941 1201 poter,
954 1126 1038 1198 jussu
1051 1124 1104 1187 dlii
1118 1128 1161 1187 tui
1175 1128 1309 1204 petimus,
1326 1144 1385 1189 nou
1398 1126 1483 1191 debis
1497 1128 1571 1203 ispi-

396 1232 462 1293 dem
476 1232 640 1308 petentibus
653 1248 767 1306 penem,
782 1247 901 1306 penem,
916 1236 1015 1307 peter,
1032 1233 1144 1292 enimae.
1183 1232 1274 1308 quue
1288 1240 1318 1295 te
1332 1232 1521 1309 oeprsounur
1535 1234 1574 1295 ob

397 1353 478 1415 oum,
498 1340 530 1398 in
549 1354 607 1412 qno
627 1355 680 1399 nos
708 1345 777 1399 ente
796 1337 1027 1398 constitutionem
1053 1336 1151 1397 mundi
1173 1337 1312 1415 dilexisti,
1343 1341 1460 1399 unioum
1481 1338 1574 1400 filium

396 1451 487 1521 tuum,
503 1444 648 1518 dominnm
663 1444 902 1504 nostrumleeum
917 1442 1070 1518 Christum,
1087 1444 1138 1518 qui
1151 1448 1246 1505 toeum
1261 1444 1332 1506 vivit
1345 1452 1376 1505 et
1389 1452 1494 1521 regnet
1508 1461 1575 1505 eum

396 1556 498 1612 seneen
511 1550 617 1624 spiritu
630 1550 661 1609 in
676 1550 773 1609 seoule
786 1549 956 1609 seculorum.
979 1549 1080 1609 Ameu

426 1702 437 1728 ,
484 1655 595 1716 Eodem
608 1654 802 1729 Rethhmgius
810 1670 830 1714 e
838 1654 948 1716 werde
961 1653 1042 1715 obiit.
1066 1652 1250 1715 Ghonredum
1259 1653 1429 1717 Gelseteum
1439 1655 1574 1717 esohon·

396 1761 476 1821 etedt
488 1760 680 1835 Norihergern
693 1760 864 1833 remisimus,
878 1767 913 1820 ut
927 1759 1049 1835 videret,
1068 1778 1136 1821 uum
1151 1759 1375 1836 christophorus
1388 1762 1503 1823 Fenrer
1517 1761 1571 1822 ihi·

397 1866 462 1929 dem
476 1871 562 1929 esset.
599 1865 675 1925 Nem
695 1866 733 1926 ed
746 1866 901 1926 Matthiem
914 1866 1010 1925 Meles
1034 1870 1063 1927 et
1076 1866 1200 1931 Peulum
1212 1865 1454 1944 Hundertpiundt
1471 1866 1568 1943 Augu·

396 1978 472 2035 stem
485 1974 599 2035 mittere
612 1973 707 2032 minus
721 1972 882 2033 consultum
895 1971 1058 2033 videbetur.

486 2076 636 2140 Proiectus
656 2083 702 2138 est
720 2082 751 2138 et
768 2076 855 2138 hodie
872 2077 941 2137 hine
964 2076 1082 2153 quidem
1105 2079 1215 2139 sulious
1241 2094 1279 2138 ex
1297 2078 1569 2152 Henueuberpensis

396 2187 534 2263 principis
554 2184 679 2259 inmitis,
707 2185 756 2259 qui
785 2186 952 2260 magistrum
978 2182 1130 2261 (lleserum
1153 2182 1326 2245 reducturus
1350 2189 1423 2245 eret.
1461 2182 1569 2245 Eodem

397 2292 543 2354 Adrianus
556 2291 594 2351 eb
608 2291 739 2366 Auguste
761 2292 879 2349 veniens
899 2290 1013 2351 litteras
1031 2290 1143 2351 Liborii
1162 2290 1276 2363 attulit,
1297 2293 1328 2350 et
1341 2287 1419 2349 idem
1434 2289 1569 2351 hesterno

398 2398 445 2459 die
459 2397 776 2473 nononnesupusenis
791 2396 944 2457 oonoiones
958 2394 1127 2456 interdietus
1142 2410 1205 2455 esse
1218 2395 1327 2455 retulit.
1366 2395 1490 2455 lhetres
1505 2392 1568 2457 Gol-

396 2505 512 2567 heeheri
525 2504 600 2564 mule
619 2518 683 2562 oum
697 2500 813 2563 domins
826 2516 951 2563 noverca
966 2500 1147 2563 conveniunt.
1197 2500 1298 2575 Equus
1312 2500 1436 2562 Adriani
1450 2500 1569 2567 thetonis

396 2616 509 2687 septen
523 2610 660 2670 constitit.

486 2716 621 2792 Aeoeptis
634 2715 723 2790 igitur
741 2713 780 2774 eb
794 2713 924 2775 Aduieuo
947 2712 1052 2775 litteris
1075 2719 1105 2773 et
1124 2714 1205 2789 equis
1224 2713 1361 2791 ephippia
1375 2714 1527 2791 imponere
1540 2719 1568 2774 et

392 2821 570 2897 jenteoulum
583 2836 691 2881 mense
705 2824 851 2896 epponere
869 2820 1019 2894 jussimus,
1044 2819 1203 2881 Murtinum
1218 2818 1378 2911 cesarem,
1394 2820 1446 2896 qni
1460 2819 1568 2893 alioqui

396 2928 534 2991 mendeto
548 2928 844 3003 nugiemetusmmen
857 2942 916 2987 non
938 2926 1063 2987 omnium
1077 2926 1214 2989 mendsto
1228 2942 1247 2986 e
1261 2925 1351 2987 ssoris
1370 2926 1505 3002 nemost,
1521 2942 1566 2987 eo·

398 3041 552 3098 oersentes.
575 3034 720 3093 hiertinus
735 3037 833 3107 elego
847 3033 1046 3104 convenimus,
1066 3036 1099 3091 ut
1118 3032 1143 3091 si
1158 3032 1204 3093 sui
1216 3032 1400 3107 nspisuutus
1416 3033 1447 3091 in
1463 3046 1567 3108 propo·

398 3143 454 3204 sito
469 3144 631 3214 monerent,
652 3155 705 3200 nos
720 3138 871 3213 inviseret,
892 3138 1109 3214 exploraturus,
1129 3154 1198 3199 num
1216 3136 1247 3197 iu
1262 3153 1297 3199 ee
1310 3138 1431 3212 regione
1446 3152 1567 3197 eommo-

397 3248 458 3308 seri
473 3247 590 3323 poterit
628 3245 770 3305 Timetos
782 3247 906 3317 quetuor
919 3244 950 3301 in
965 3243 1099 3303 visteun
1110 3241 1258 3317 dedimus,
1278 3259 1313 3303 uo
1325 3243 1399 3303 hene
1414 3242 1459 3303 illi
1472 3258 1508 3303 eo
1521 3241 1568 3301 ho-

397 3353 465 3429 spiti
478 3356 630 3429 presentes
652 3352 710 3411 iter
723 3349 979 3423 Weissenourgnm
994 3350 1178 3422 uusoepimus.
1217 3349 1289 3409 Item
1308 3348 1416 3423 hospiti
1439 3364 1507 3423 quse
1521 3349 1566 3409 Li·

397 3460 494 3532 horio,
515 3459 565 3534 qui
579 3474 632 3519 nos
650 3454 857 3517 subseouturus
875 3459 966 3528 esset,
982 3454 1092 3515 diceret
1105 3453 1225 3529 injunxi.
1262 3453 1316 3515 Ille
1329 3470 1432 3515 rursus
1445 3457 1567 3531 reperit,

396 3570 431 3627 ut
444 3564 549 3639 hospiti
563 3564 594 3623 in
609 3561 833 3635 weissenburgo
846 3558 972 3620 dioerem
986 3559 1170 3621 Leonerdum
1184 3560 1386 3622 vionsrokter
1403 3560 1443 3621 sd
1458 3563 1568 3635 insigne

397 3672 489 3733 leonis
504 3671 585 3731 enrei
600 3669 726 3729 meslino
740 3667 788 3727 uel
806 3665 943 3741 perendie
961 3682 1025 3726 enm
1047 3668 1169 3741 pecunie
1186 3682 1241 3741 pro
1262 3666 1330 3729 leno
1352 3667 1568 3744 weissenburpi

398 3774 572 3838 ediuturum.
596 3774 748 3835 Peululnm
763 3776 831 3836 ente
845 3775 976 3831 ueterem
991 3772 1107 3835 Werdue
1120 3788 1209 3847 equos
1226 3771 1443 3835 eonsoeudimus
1459 3780 1491 3835 et
1505 3778 1568 3835 ente

398 3880 553 3943 ”eundem
566 3878 775 3952 weissenburg
788 3877 939 3938 intremus.

486 3986 604 4049 Werdae
616 3986 670 4045 hos
683 3999 784 4046 versus
798 3982 921 4059 seriptos
935 3983 1086 4059 legimusz.

606 4100 696 4152 riolos
714 4100 861 4154 deseribsm
880 4098 1024 4153 monuehos
1041 4099 1159 4153 smdiose
1174 4104 1297 4169 peroptm

643 4189 696 4253 Qui
713 4195 807 4256 preter
823 4194 912 4241 vestes
931 4188 970 4241 nil
987 4189 1093 4257 pietatis
1109 4187 1216 4243 hebent.

611 4276 730 4329 Pendula
747 4276 847 4331 nodoso
864 4292 949 4347 ouppe
967 4276 1059 4332 dolose
1076 4276 1182 4345 ligneus
1201 4282 1227 4329 et
1244 4292 1302 4345 pes.

643 4368 709 4418 Hono
727 4367 778 4418 trin
796 4366 940 4435 nudipedes
959 4366 1057 4418 ducunt
1075 4365 1109 4416 sd
1127 4369 1225 4417 tentore
1243 4365 1343 4417 iretres.

487 4502 568 4564 luter
581 4502 788 4578 weissenburg
801 4508 832 4563 et
842 4502 981 4565 Wordnm
995 4504 1162 4579 oppidulum
1176 4509 1221 4563 est
1234 4502 1390 4577 Mouheim,
1406 4503 1477 4563 olim
1492 4502 1569 4564 ducis

391 4606 520 4669 ‘Bennoi
533 4606 666 4669 etthonis
684 4624 762 4669 nune
779 4609 896 4670 oesenis
906 4610 974 4683 jure
987 4608 1064 4669 belli.
1102 4610 1180 4669 Ante
1193 4608 1279 4684 hujus
1293 4615 1407 4685 portem
1422 4610 1567 4671 Weissen-

399 4711 522 4785 hmeum
535 4713 668 4775 euntibus
681 4713 782 4775 vium
796 4718 862 4781 eret
873 4727 998 4789 eorpore
1015 4714 1073 4773 tris
1094 4714 1187 4777 trihm
1201 4717 1276 4777 rotis
1288 4715 1428 4792 disposite
1442 4717 1569 4777 uirorum

397 4811 584 4877 merlonus
603 4823 634 4879 et
653 4818 703 4893 qui
718 4820 800 4894 juste
817 4819 954 4882 tibimum
971 4823 1001 4881 et
1014 4818 1195 4895 humerum
1207 4820 1323 4885 robore
1336 4820 1493 4885 hebetent.
1530 4819 1568 4881 lli
