3700 5692
847 734 909 800 ltt

378 910 513 977 Liberius
529 916 764 991 capitulationem
776 916 838 990 jam
851 916 942 975 tertio
953 918 1114 989 reportavit
1134 924 1165 978 et
1178 918 1251 979 nihil
1264 920 1295 979 iu
1310 936 1346 981 ee
1359 916 1467 983 mutari

286 1022 368 1096 passi
379 1029 455 1083 eunt.
479 1024 633 1083 Junerant
643 1039 713 1083 uero
723 1022 834 1096 Viglius
849 1028 879 1081 et
889 1021 1001 1096 selduc,
1016 1028 1048 1097 ut
1057 1039 1121 1081 eam
1135 1024 1174 1084 ad
1188 1024 1326 1085 mnndum
1340 1025 1467 1087 descnhi

287 1142 432 1187 curarem.
455 1128 586 1201 Rogatus
601 1132 646 1187 est
660 1128 748 1201 igitur
761 1128 896 1201 husim,
918 1128 967 1200 qni
981 1144 1045 1187 eam
1064 1130 1096 1187 in
1116 1130 1289 1189 membranis
1303 1130 1464 1205 descripsit,

288 1238 320 1291 et
333 1247 372 1291 ne
386 1232 476 1305 graue
491 1231 610 1305 punirer
624 1231 667 1290 illi
680 1232 824 1291 thalerum
840 1230 906 1291 dedi
920 1233 983 1305 ipso
998 1237 1095 1293 nmen
1107 1232 1284 1309 refragante.

378 1338 464 1395 Anno
481 1337 581 1411 elapso
596 1336 820 1412 christophorus
835 1353 930 1397 comes
944 1336 982 1397 ab
995 1336 1156 1413 Altenburg
1171 1344 1201 1398 et
1214 1338 1291 1411 Dido
1306 1339 1343 1399 ab
1356 1340 1466 1413 Kniep·

287 1443 402 1503 hausen
417 1444 448 1501 in
463 1459 547 1502 usum
560 1441 702 1501 Friderioi
723 1442 833 1501 munitis
848 1441 974 1501 Palatini
994 1440 1091 1501 decem
1110 1444 1190 1502 milia
1208 1443 1338 1518 peditum
1356 1445 1471 1518 sapen

288 1546 344 1605 diis
360 1546 566 1606 conduxerant.
600 1545 658 1607 Sed
672 1561 762 1619 opera
775 1545 924 1607 datter-um
938 1548 1078 1622 principis
1092 1547 1139 1607 hic
1153 1550 1296 1609 exercitus
1310 1549 1466 1609 dismactns

289 1658 343 1725 est,
361 1652 403 1709 ita
418 1656 450 1709 ut
465 1650 599 1711 Liberius
613 1650 803 1709 Monichnsen
827 1652 929 1711 caesari
949 1657 979 1712 et
993 1653 1142 1712 Friderico
1163 1652 1387 1728 Christophorns
1401 1669 1465 1713 cum

287 1756 348 1813 suis
363 1756 563 1830 supplemento
578 1756 720 1816 exercitus
736 1761 841 1815 essent.

377 1860 457 1919 Nota
471 1858 507 1919 de
521 1860 625 1919 literis
639 1876 678 1933 up
693 1859 746 1918 der
760 1859 890 1920 Vheinde
904 1861 1000 1921 Landt
1015 1868 1070 1923 etc.

379 1964 424 2025 De
439 1965 670 2039 prosternatione
684 1968 753 2025 ants
768 1977 903 2025 cesarem
918 1965 1012 2026 adhuc
1025 1968 1056 2025 in
1070 1967 1157 2026 dubio
1171 1971 1224 2027 est

378 2070 428 2127 xix
442 2070 538 2143 Junii,
565 2084 630 2143 quae
646 2074 690 2129 est
705 2070 767 2129 dies
782 2071 991 2131 audientiarum
1015 2072 1061 2147 (nt
1074 2069 1191 2146 uocant)
1206 2072 1238 2130 in
1251 2077 1347 2132 castro
1363 2067 1462 2132 Wald-

287 2175 352 2233 eck.
390 2173 478 2233 Faxit
500 2172 570 2233 deus
590 2178 624 2233 ut
646 2190 715 2235 suus
737 2174 827 2236 honos
848 2176 954 2235 ibidem
969 2181 1126 2250 quaretur.
1148 2175 1259 2236 Eadem
1273 2176 1373 2250 inquio
1387 2175 1465 2236 inira

287 2284 400 2339 sextam
423 2284 453 2337 et
475 2280 624 2352 septimam
645 2280 732 2339 horas
747 2278 947 2355 Wolffgangue
966 2282 1115 2341 Musonius
1134 2296 1171 2341 ex
1191 2297 1253 2356 cap.
1280 2284 1320 2340 15
1341 2282 1463 2342 loannis

205 2389 209 2398 '
286 2384 473 2457 evangelistae
488 2384 550 2444 haec
565 2382 655 2443 uerba
669 2385 817 2445 recitauit:
844 2386 923 2445 »Sed
937 2387 999 2445 haec
1015 2386 1109 2445 omnia
1123 2383 1230 2445 facient
1242 2386 1324 2446 uobis
1338 2393 1460 2461 propter

285 2506 393 2550 nomen
407 2506 510 2564 meum,
526 2490 596 2562 qnia
610 2504 669 2548 non
679 2494 821 2549 noverunt
836 2506 909 2563 eum,
927 2490 977 2564 qni
990 2491 1068 2550 misit
1081 2508 1146 2549 me«
1158 2496 1212 2551 etc.
1234 2491 1291 2549 Hio
1305 2489 1377 2549 dixit
1390 2506 1463 2564 qno·

284 2594 373 2655 modo
388 2594 520 2655 dominus
535 2610 602 2654 suos
616 2593 655 2653 ad
669 2594 823 2654 metantem
837 2596 1065 2670 persecutionem
1079 2595 1246 2656 cohortatus
1260 2596 1299 2655 sit
1313 2599 1343 2654 ct
1356 2595 1461 2669 quihus

283 2701 460 2775 argumentis
475 2715 573 2758 eorum
588 2694 699 2759 animos
714 2698 899 2774 confirmarit,
923 2716 955 2759 se
975 2700 1074 2774 elapsa
1089 2701 1136 2761 die
1151 2700 1292 2761 dominica
1303 2702 1334 2759 in
1348 2700 1460 2761 duabus

282 2805 468 2865 condonihus
483 2805 659 2879 exposuisse.
682 2805 767 2863 Nunc
782 2812 878 2867 autem
894 2821 938 2879 ea,
955 2821 1019 2880 quae
1033 2807 1171 2880 praelecta
1185 2806 1250 2880 sint,
1267 2805 1358 2879 probe
1373 2822 1460 2868 exon

282 2916 347 2970 tero
362 2913 507 2982 oportere.
546 2908 651 2970 Paucis
666 2910 755 2984 igitur
770 2909 899 2985 prauus
914 2911 990 2970 hunc
1004 2926 1178 2984 sermonem,
1202 2912 1336 2969 nimirum
1351 2911 1388 2971 do
1403 2927 1461 2970 em·

282 3013 536 3091 phasiverbonnm
551 3015 633 3073 »haec
647 3016 742 3075 omnia
756 3012 863 3074 halent
876 3016 978 3074 vobis«
995 3019 1050 3075 eto.
1067 3032 1131 3089 qnae
1146 3016 1205 3075 sint
1218 3017 1281 3075 haec
1295 3017 1392 3075 omnia
1405 3033 1457 3090 ag·

284 3136 403 3194 gressus
419 3124 472 3179 est.
510 3119 561 3177 Ait
585 3125 681 3179 autem
700 3136 753 3193 per
775 3120 837 3177 haec
851 3120 940 3179 verba
955 3119 992 3178 de
1012 3121 1104 3180 trihus
1118 3122 1298 3195 potissimum
1312 3121 1460 3181 dominum

284 3226 403 3299 (immae,
419 3224 528 3283 soihoet
542 3224 578 3283 de
593 3224 717 3297 genuino
731 3224 830 3282 mandi
845 3229 875 3282 et
889 3239 1005 3281 suornm
1019 3226 1108 3283 ineos
1117 3225 1193 3297 odio,
1204 3226 1240 3283 da
1250 3226 1458 3299 persecutione,

283 3337 314 3390 et
328 3329 408 3403 quod
428 3327 548 3387 verbum
566 3328 644 3403 apud
665 3344 714 3388 eos
737 3345 795 3389 non
815 3330 853 3386 sit
873 3328 1040 3388 habiturum
1058 3329 1152 3388 locum
1176 3344 1230 3387 neo
1250 3328 1310 3386 ullo
1329 3328 1415 3389 modo
1429 3328 1461 3388 id

283 3434 447 3509 suscepturi
461 3434 506 3492 vel
521 3433 563 3491 illi
577 3428 770 3495 obedientiam
786 3434 944 3506 praestituri
958 3434 1026 3492 sint.
1071 3434 1219 3493 Praeterea
1234 3448 1374 3506 perquam
1388 3434 1460 3493 scita

283 3539 347 3599 odii
367 3539 514 3613 energiam
534 3544 563 3598 et
582 3555 646 3611 quae
668 3554 704 3597 ex
722 3538 777 3597 hoc
792 3542 964 3597 enascantur
983 3537 1128 3597 indicavit.
1167 3537 1243 3596 Nam
1258 3554 1295 3596 ex
1308 3537 1376 3597 odio
1389 3554 1458 3613 pro·

282 3649 425 3717 rumpunt
441 3643 577 3717 convicia,
594 3644 795 3718 damnationes,
816 3641 965 3703 mendacia
979 3648 1009 3701 ct
1024 3641 1158 3715 quicquid
1171 3643 1257 3715 hujus
1270 3642 1360 3701 lerna
1374 3643 1459 3701 uitio·

282 3765 349 3807 rum
366 3752 419 3822 est,
436 3749 520 3807 sicuti
534 3747 590 3806 dici
604 3748 687 3808 solat.
726 3747 765 3806 Os
779 3748 885 3806 inimici
905 3747 1057 3807 ιιιίιιιιιιι
1078 3764 1137 3807 non
1150 3748 1286 3821 loquitur,
1302 3745 1393 3807 odder
1406 3747 1459 3806 uie

281 3868 354 3912 mun
368 3851 436 3911 redt
449 3852 492 3912 uli
503 3868 626 3913 vnnsers
637 3852 762 3925 Spraeh:
778 3853 837 3911 Des
852 3851 965 3912 viendts
974 3852 1080 3912 Mundi
1093 3852 1160 3911 redt
1173 3852 1286 3911 seltenn
1300 3851 1458 3912 dieWahr·

281 3957 368 4017 heiti.
406 3957 446 4018 Et
460 3958 515 4017 hoc
528 3958 622 4031 ipsum
637 3972 674 4015 cx
687 3955 814 4015 historiis
830 3957 920 4016 sacris
942 3956 1093 4031 probavit,
1115 3962 1144 4017 et
1158 3957 1337 4032 potissimum
1352 3961 1461 4030 quanta

282 4062 396 4121 scelera
410 4062 478 4121 olim
492 4062 588 4121 ludaei
603 4060 716 4121 Christo
732 4077 785 4135 per
799 4062 937 4121 invidiam
951 4068 981 4121 et
999 4062 1178 4122 mendacium
1191 4062 1357 4137 objecerint,
1374 4061 1460 4135 quale

281 4164 340 4226 fuit
354 4162 433 4240 illud,
450 4171 483 4226 nt
497 4182 561 4225 cum
577 4163 722 4224 dominnm
737 4182 833 4225 eoram
848 4167 945 4227 Pilato
959 4172 1104 4243 moueant,
1119 4169 1212 4242 ipsum
1226 4184 1342 4227 censum
1357 4165 1459 4223 eaesari

281 4272 356 4331 dare
372 4271 552 4344 prohibuisse
574 4276 604 4329 et
626 4286 786 4329 sermonem
809 4271 871 4344 ejus
891 4272 1078 4347 inverterint,
1102 4290 1166 4335 cnm
1181 4272 1310 4331 Christus
1326 4270 1458 4328 dixisset:

280 4376 371 4450 Date,
388 4392 453 4449 oure
469 4381 537 4435 sunt
551 4376 674 4449 casaris
691 4376 801 4450 cesari,
818 4381 927 4450 atquae
943 4384 1011 4437 sunt
1031 4378 1091 4451 dei,
1109 4377 1172 4437 deo.
1195 4376 1236 4434 Et
1248 4376 1304 4433 hoo
1317 4374 1381 4432 loco
1396 4388 1457 4431 ser·

279 4497 398 4541 monem
412 4482 589 4541 intersecans
603 4480 751 4540 Masculus
773 4478 849 4555 (Hoc
863 4480 957 4555 ipsum
980 4482 1056 4541 anim
1075 4497 1188 4554 aequum
1203 4484 1248 4539 est
1261 4483 1292 4538 et
1306 4479 1347 4537 sic
1361 4475 1458 4537 facere

279 4587 377 4661 decet,
402 4588 536 4647 nimirum
559 4590 592 4645 ut
606 4601 696 4643 oaesur
715 4590 853 4657 unquam
872 4600 963 4645 caesar
984 4589 1156 4659 amoenatur
1171 4588 1200 4643 et
1215 4600 1279 4658 qua
1293 4582 1336 4641 illi
1350 4581 1457 4642 debon·

279 4700 331 4752 tur
346 4694 453 4754 dentur
468 4704 598 4766 quoque,
619 4691 674 4750 deo
689 4693 784 4749 antem
800 4704 851 4762 ea,
875 4705 940 4761 qnae
955 4687 1001 4749 dei
1016 4695 1084 4749 sunt
1098 4695 1128 4749 et
1142 4688 1190 4748 dei
1204 4689 1325 4763 gloriam
1340 4701 1457 4747 concer-

279 4794 369 4872 nunt)
385 4812 421 4856 ιι
435 4796 477 4855 sic
491 4797 635 4869 inceptum
655 4809 815 4853 sermonem
834 4810 1014 4868 prosequens
1033 4794 1088 4855 uit:
1111 4794 1191 4852 Sicut
1206 4799 1237 4853 et
1248 4792 1304 4851 hoe
1318 4789 1460 4851 mendacii

324 4922 444 4977 waldach.
1205 4902 1243 4955 12
1291 4939 1295 4951 .
