3700 5692
957 772 1020 838 196

405 956 459 1017 sibi
474 955 635 1031 symmmas
647 956 708 1030 jam
721 960 793 1028 tum,
809 970 873 1013 cum
886 972 905 1014 a
918 962 1022 1016 senatu
1037 972 1125 1029 super
1138 954 1194 1015 boc
1202 956 1333 1030 requisiti
1342 963 1448 1033 essent,
1465 964 1496 1020 et
1510 975 1577 1020 cou-

404 1062 499 1122 silium
513 1069 544 1123 et
556 1078 726 1137 responsum
740 1076 823 1120 suum
838 1060 950 1121 dedisse
966 1068 995 1121 et
1009 1062 1069 1122 sole
1086 1062 1190 1121 clarius
1206 1068 1352 1137 constare,
1374 1062 1453 1137 quod
1469 1065 1577 1125 intuto

403 1170 478 1229 bbro
491 1169 575 1228 istius
589 1168 705 1228 interim
719 1167 768 1226 vix
781 1170 842 1225 tres
857 1168 971 1226 articuli
986 1169 1059 1241 sint,
1080 1168 1183 1242 quibus
1198 1164 1309 1229 sincere
1323 1170 1489 1229 christanus
1509 1170 1576 1230 sub

404 1276 530 1336 scribere
546 1280 642 1349 queat.
672 1275 713 1333 Et
726 1273 800 1348 dixi,
821 1273 928 1346 inquit,
950 1273 1072 1332 dominis
1085 1274 1157 1333 meis
1172 1275 1334 1334 consulibus
1348 1292 1395 1335 me
1410 1292 1470 1335 uua
1485 1282 1515 1335 et
1531 1292 1577 1335 ce-

403 1390 483 1442 teros
498 1382 556 1442 albi
570 1382 673 1455 nostri,
699 1380 791 1438 donec
812 1394 866 1452 per
888 1383 1019 1437 senatum
1043 1378 1122 1456 (iicet
1144 1384 1277 1455 respectu
1300 1381 1405 1439 nuliius
1429 1381 1577 1457 personas)

404 1490 598 1563 evangelicam
614 1486 774 1547 doctrinam
788 1500 862 1559 pure
875 1490 905 1544 et
920 1487 1071 1545 sinceriter
1086 1486 1233 1561 docturos,
1254 1492 1425 1560 rumpantur
1441 1488 1577 1547 adversa

404 1596 455 1653 riis
470 1595 520 1653 ilia
534 1594 578 1652 vel
594 1609 684 1651 secus.
709 1592 741 1651 Si
755 1598 849 1650 autem
864 1592 971 1651 domini
986 1592 1042 1650 moi
1056 1597 1201 1666 verentur,
1217 1592 1274 1651 iliis
1288 1594 1345 1652 mei
1360 1609 1431 1667 ergo
1446 1593 1517 1666 quid
1531 1594 1577 1653 vei

403 1698 574 1757 incommodi
588 1702 639 1757 aut
652 1697 753 1772 pericli
768 1713 828 1755 sna
842 1698 1007 1772 reipublicae
1027 1698 1158 1758 accidere
1178 1714 1276 1773 posse,
1299 1706 1361 1757 tum
1379 1699 1506 1759 libenter
1524 1718 1577 1775 pa-

403 1804 471 1878 tiar,
487 1810 521 1862 ut
534 1804 604 1861 mibi
619 1802 656 1863 de
671 1802 729 1861 aiio
742 1801 806 1862 ioco
820 1803 993 1878 provideant
1007 1809 1037 1863 et
1052 1820 1087 1864 eo
1103 1803 1224 1864 conduci
1238 1810 1408 1879 procurent,
1425 1821 1485 1863 non
1500 1805 1577 1863 enim

369 1937 372 1943 ¹
403 1908 531 1970 conabor
546 1911 616 1983 ipsis
630 1910 726 1969 invitis
742 1914 771 1969 et
785 1914 888 1968 contm
902 1909 1078 1970 voluntatem
1094 1928 1193 1971 eorum
1206 1911 1435 1969 bicconcionari.
1460 1909 1493 1969 Si
1508 1926 1577 1969 vero

403 2018 459 2091 ipsi
480 2016 525 2094 (ut
544 2018 678 2092 superius
699 2015 806 2075 dimum
828 2015 884 2091 est)
907 2032 952 2074 me
975 2016 1020 2074 hic
1042 2016 1160 2075 verbum
1182 2016 1358 2092 predicare,
1381 2020 1414 2075 ut
1435 2014 1575 2075 hactenus

403 2122 510 2183 fadum
525 2130 584 2198 est,
604 2124 709 2198 velint,
732 2128 858 2199 paratus·
867 2139 931 2210 sum
945 2136 1037 2195 usque
1051 2121 1090 2180 ad
1106 2124 1264 2181 extremum
1278 2122 1345 2182 vita
1360 2120 1484 2181 halitum
1498 2120 1575 2195 apud

404 2248 454 2290 eos
469 2229 628 2289 doctrinam
642 2231 717 2289 banc
732 2236 762 2290 et
776 2229 960 2304 promulgare
975 2234 1005 2287 et
1025 2226 1180 2287 defendere
1194 2206 1315 2303 ⁴ipsique
1333 2228 1487 2287 iubaercre.
1518 2226 1574 2286 Po·

403 2341 551 2410 stcaquam
563 2338 638 2411 juris
653 2336 800 2395 consultus
815 2334 864 2393 ille
879 2335 920 2393 sic
935 2332 1139 2409 Woligangum
1153 2333 1337 2409 respondisse
1356 2332 1443 2406 vidit,
1466 2348 1544 2407 cum,
1563 2330 1574 2366 ¹

402 2442 509 2516 inquit,
533 2442 595 2516 ipse
608 2442 671 2500 bac
685 2442 770 2514 dicis,
794 2438 848 2498 tibi
867 2440 994 2499 obticere
1013 2457 1071 2500 uou
1091 2456 1222 2513 possum,
1246 2440 1436 2499 consultatum
1458 2438 1574 2512 quidem

404 2564 466 2607 esse
486 2543 652 2622 insonate,
675 2564 744 2606 num
769 2547 808 2607 ad
827 2552 940 2621 tempus
962 2548 992 2607 iu
1014 2547 1102 2607 alium
1124 2548 1248 2621 aliquem
1269 2546 1363 2604 locum
1386 2544 1573 2605 destinandus

405 2669 492 2712 esses.
519 2652 578 2712 Sed
592 2654 687 2712 timuit
701 2654 896 2727 magistratus,
912 2657 950 2728 te,
968 2654 1017 2728 qni
1032 2669 1095 2712 cum
1111 2668 1203 2713 annos
1218 2652 1329 2726 aliquot
1343 2650 1470 2711 fideliter
1484 2652 1531 2711 bic
1545 2653 1573 2709 iu

405 2758 493 2817 verbo
509 2758 617 2818 domini
630 2756 795 2831 praefueris,
820 2758 844 2817 si
858 2757 922 2818 bac
937 2758 1062 2819 conditio
1077 2758 1131 2819 tibi
1151 2757 1316 2833 offerretur,
1340 2773 1420 2832 aegre
1439 2758 1571 2817 laturum.

404 2861 456 2924 Sin
469 2879 538 2923 vero
553 2869 605 2923 tua
620 2881 691 2938 pace
705 2863 775 2921 milri
789 2865 900 2939 liceret,
916 2864 1054 2925 referrem
1071 2864 1192 2925 dominis
1207 2865 1287 2939 meis,
1304 2880 1368 2937 quae
1382 2869 1460 2923 exte
1469 2863 1572 2923 audiri.

403 2968 502 3042 Quare
515 2986 587 3044 non,
611 2970 653 3029 ait
667 2970 829 3044 Musonius,
853 2966 984 3031 faceres?
1013 2972 1087 3031 Nam
1102 2972 1179 3031 idem
1194 2968 1263 3057 mibi
1279 2967 1373 3028 adbuc
1388 2973 1433 3027 est
1448 2970 1572 3041 animus,

403 3080 437 3133 ut
452 3091 488 3133 ex
502 3091 547 3135 me
558 3077 618 3149 jam
633 3075 749 3135 audisti.
780 3066 901 3135 Abierat
916 3077 1005 3151 igitur
1020 3074 1096 3135 idem
1118 3075 1218 3136 doctor
1239 3076 1351 3135 senatui
1372 3074 1436 3133 baec
1456 3090 1572 3134 enarra·

402 3186 495 3255 turus,
512 3182 595 3255 quasi
610 3183 729 3255 exiguus
744 3181 893 3241 Masculus
908 3198 1023 3242 massam
1036 3181 1111 3240 banc
1125 3197 1183 3240 non
1199 3181 1379 3241 obolevisset.
1402 3180 1445 3240 Et
1459 3180 1491 3240 id
1505 3187 1572 3240 tam-
1637 3240 1639 3245 .

403 3288 492 3363 poris,
509 3287 577 3347 dum
593 3304 646 3362 ego
661 3288 739 3361 apud
754 3287 916 3350 Musonium
930 3288 961 3347 in
976 3285 1084 3346 sedibus
1099 3286 1158 3345 snm
1174 3302 1275 3361 essem,
1291 3284 1407 3347 senatus
1423 3286 1461 3345 de
1478 3302 1512 3346 eo
1528 3285 1574 3345 ab·

402 3392 526 3467 legando
541 3394 686 3467 cogitavit.
718 3392 815 3453 Didici
830 3401 860 3453 et
873 3394 980 3454 ibidem
996 3392 1155 3453 Sertorium
1171 3392 1286 3452 stallos
1302 3392 1400 3452 decem
1417 3392 1507 3452 duces
1526 3406 1572 3467 pe·

403 3499 501 3557 cumas
520 3498 628 3559 habere
648 3504 677 3559 et
695 3500 814 3574 elargiri
834 3499 871 3559 ed
890 3499 1051 3573 parandum
1072 3498 1199 3558 militem.
1236 3496 1307 3557 cum
1331 3498 1457 3557 dicerem
1480 3512 1574 3572 regem

404 3618 517 3676 quoqne
532 3602 663 3663 Francia
677 3606 753 3665 male
768 3604 901 3665 affectum
918 3621 981 3665 esse
997 3622 1144 3680 argaeos,
1170 3606 1219 3677 qui
1239 3604 1388 3663 sinceriter
1411 3604 1503 3665 verbo
1524 3602 1571 3663 do-

402 3709 473 3767 mini
488 3708 683 3770 adhererent:
707 3710 775 3769 Non
791 3729 851 3787 rex,
867 3714 969 3787 inquit,
986 3712 1038 3771 sed
1049 3711 1266 3785 parlamentum.
1290 3710 1355 3769 Etsi
1363 3706 1575 3769 interficiuntur

303 3820 306 3826 '
403 3814 510 3873 ibidem
525 3813 690 3888 Οἱιιίειίιιιιί,
706 3816 763 3875 imo
779 3834 895 3877 necesse
910 3824 956 3877 est
971 3834 1032 3877 esse
1048 3815 1155 3876 ibidem
1175 3814 1363 3875 Christianos.
1393 3815 1447 3874 Ait
1462 3831 1573 3890 quoquc

401 3919 501 3977 mirari
523 3937 555 3979 se
576 3938 635 3981 non
657 3924 728 3982 satis
750 3938 848 3998 posse,
873 3925 951 3997 qnod
974 3938 1070 3983 omues
1092 3921 1191 3982 modot
1210 3938 1257 3981 am
1279 3919 1400 3992 abiectis
1421 3925 1452 3979 ct
1467 3918 1574 3994 pauidis

403 4022 505 4083 animis
525 4031 621 4083 essent
642 4028 678 4086 ob
698 4028 790 4087 minas
809 4034 935 4105 tantum,
959 4045 1022 4088 cum
1045 4034 1139 4087 mmen
1161 4026 1207 4085 hae
1229 4026 1313 4085 minae
1336 4024 1500 4085 certissima
1522 4024 1575 4084 siut

403 4129 498 4204 signa,
521 4129 599 4203 quod
613 4130 650 4190 N.
666 4131 739 4190 nihii
752 4133 798 4192 rel
813 4138 1032 4210 perpetraturus
1049 4134 1086 4192 sit
1105 4132 1152 4191 roi
1172 4132 1200 4191 vi
1222 4116 1575 4206 aggrediatur.,⁸³1nterro

401 4234 467 4312 gari
483 4236 577 4326 ipsum
592 4250 721 4311 quoqne,
746 4239 772 4295 si
787 4238 855 4312 quid
870 4238 985 4299 domino
1006 4240 1073 4299 Vito
1096 4254 1148 4297 suo
1168 4238 1282 4297 nomine
1302 4236 1364 4295 dice
1385 4235 1487 4295 vellet.
1520 4234 1574 4307 Ait,

402 4347 434 4399 ut
448 4340 540 4414 ipsum
556 4342 617 4415 ejus
632 4343 748 4401 nomine
763 4343 874 4403 salvere
892 4345 1023 4419 jubeam,
1047 4360 1082 4402 ac
1100 4349 1133 4403 ut
1151 4342 1221 4401 mibi
1244 4346 1425 4416 enarrasset,
1450 4358 1513 4403 rem
1536 4338 1577 4399 ilii

404 4445 577 4520 detegerem.
608 4447 684 4506 Nam
698 4452 803 4522 putare
817 4466 862 4522 se,
887 4450 910 4508 si
926 4466 944 4509 a
959 4454 1061 4509 senatu
1076 4448 1253 4521 dimittatur,
1276 4452 1309 4505 ut
1323 4462 1359 4505 ex
1373 4446 1472 4507 verbis
1489 4448 1575 4521 juris·

404 4550 525 4611 consulti
538 4550 615 4610 illins
631 4552 710 4612 abad
725 4554 854 4615 diuinare
869 4570 928 4615 nou
943 4560 1049 4631 posset,
1066 4570 1097 4613 se
1112 4554 1158 4614 rel
1168 4552 1310 4612 Basileam
1324 4567 1359 4610 ve
1385 4539 1578 4613 adBeruate'a

402 4652 518 4728 iturum,
534 4655 574 4716 ad
587 4662 701 4729 tempus
715 4657 834 4733 aliquod
847 4658 942 4719 adbuc
956 4675 1075 4719 uxorem
1092 4665 1121 4719 et
1135 4658 1241 4720 liberos
1257 4656 1396 4730 Augustae
1412 4635 1576 4716 relicturus.

894 4792 898 4800 ’
980 4790 997 4828 2

480 4842 645 4922 1111.rum.
