3700 5692
967 784 1031 849 loo

411 981 497 1041 quam
512 964 649 1027 hacteuus
664 966 787 1041 contigit
800 965 903 1024 barum
917 948 1015 1025 rernm
1028 968 1170 1025 rationem
1184 963 1292 1027 babere
1306 964 1411 1027 uelitis
1443 966 1575 1031 comora-

410 1076 457 1131 tus
472 1075 518 1131 cst
532 1075 562 1130 et
574 1069 622 1129 bio
637 1085 738 1130 rursus
752 1069 958 1145 pusillanimes,
975 1071 1022 1145 qui
1039 1070 1134 1131 dicere
1149 1076 1280 1145 possent:
1302 1071 1343 1133 ιιι
1358 1088 1416 1148 ιιι
1426 1075 1516 1133 miser
1529 1075 1577 1134 bo

409 1176 533 1250 muncio,
557 1176 607 1250 qui
621 1176 713 1250 possit
725 1178 937 1250 praceptorum
952 1174 1059 1236 Christi
1073 1194 1091 1237 a
1105 1193 1151 1237 me
1166 1175 1331 1240 observatio
1345 1178 1504 1253 presunt
1525 1178 1577 1241 (ln-

408 1281 488 1356 pias,
511 1280 619 1356 inquit,
643 1296 679 1340 ex
699 1285 760 1339 toto
779 1280 866 1339 corde
889 1281 1008 1354 implere
1027 1285 1057 1341 at
1075 1298 1128 1342 ora
1141 1279 1249 1357 Deum,
1273 1287 1307 1343 ιιι
1326 1298 1390 1342 eam
1405 1282 1578 1343 voluntatem

407 1382 464 1447 tibi
478 1383 640 1460 confirmet,
665 1391 695 1445 et
709 1400 797 1459 opere
811 1401 874 1444 rem
888 1386 1007 1461 aggredi
1022 1385 1145 1447 studeto.
1183 1386 1223 1445 Et
1237 1384 1318 1445 Deus
1339 1386 1525 1462 voluntatem,
1547 1394 1579 1450 ut

408 1488 467 1550 dici
481 1488 564 1565 solet,
580 1505 634 1563 pro
649 1506 738 1564 opere
752 1490 921 1566 acceptabit,
939 1496 969 1551 et
981 1491 1005 1549 ιι
1020 1492 1125 1565 septies
1140 1491 1170 1549 in
1187 1490 1234 1551 die
1247 1492 1346 1564 lapsus
1360 1487 1461 1564 fueris,
1483 1508 1576 1552 resur·

406 1608 477 1669 gere
491 1608 611 1665 conare,
632 1593 712 1653 Deus
736 1595 811 1655 enim
829 1595 1005 1655 voluntatem
1029 1610 1082 1669 pro
1097 1610 1185 1668 opere
1200 1595 1370 1670 acceptarit.
1407 1595 1471 1655 Nos
1486 1602 1578 1656 autem

406 1697 490 1759 nobis
504 1697 575 1771 ipsis
589 1698 646 1757 isto
660 1698 746 1758 modo
772 1716 831 1759 nou
846 1697 1071 1773 satisfaciamus,
1093 1698 1145 1758 sed
1164 1715 1200 1759 ex
1220 1704 1282 1759 toto
1301 1700 1389 1759 corde
1404 1705 1435 1759 ιι
1449 1701 1577 1761 omnibus

405 1802 516 1863 viribus
541 1802 670 1876 quotidie
695 1810 842 1878 praecepta
865 1803 974 1863 Christi
996 1803 1116 1879 implere
1141 1803 1318 1864 studeamus.
1355 1805 1410 1878 Qui
1435 1822 1507 1866 uero
1528 1822 1577 1865 nos

404 1907 517 1981 amasti,
531 1906 667 1983 Domine,
694 1908 732 1969 da
744 1914 775 1968 te
788 1908 947 1984 redamare,
963 1914 1087 1969 ιιιιιιιιιιι
1102 1924 1215 1984 quoquo
1229 1914 1259 1969 et
1273 1910 1451 1969 voluntatem
1466 1917 1577 1985 ergata

404 2016 528 2087 rectam,
549 2028 607 2086 qno
621 2029 672 2090 ea,
693 2030 758 2088 qua
772 2014 951 2089 precepisti,
976 2030 1064 2089 opere
1078 2012 1198 2088 implore
1217 2013 1377 2087 valeamus,
1399 2019 1434 2073 ιιι
1452 2015 1576 2075 Mundus

403 2132 561 2191 agnoscere
575 2120 682 2195 possit,
705 2117 780 2193 qnod
796 2135 833 2177 ex
848 2119 1002 2179 dilectione
1024 2119 1068 2179 tui
1081 2118 1218 2179 mandata
1231 2123 1282 2179 tua
1295 2118 1492 2194 observamus,
1509 2136 1576 2195 quos

403 2220 442 2282 de
455 2223 593 2283 mmeusa
607 2219 737 2283 bonitate
758 2228 810 2283 tun
824 2224 931 2283 amicos
944 2238 1050 2283 vocare
1070 2224 1204 2299 dignatus
1226 2240 1271 2297 as,
1295 2238 1330 2283 ac
1345 2223 1428 2285 nobis
1444 2226 1574 2299 spiritum

403 2330 484 2385 tuum
507 2344 531 2386 s.
555 2331 585 2387 et
609 2326 717 2386 bouum
739 2344 793 2401 per
815 2327 960 2387 Christum
987 2328 1087 2391 lesum
1111 2327 1257 2390 dominnm
1279 2332 1409 2387 nostrum
1435 2329 1575 2403 impartiri

404 2430 486 2492 velis.

490 2536 602 2597 Eadem
617 2536 795 2597 coloniensis
810 2535 849 2596 ad
862 2552 958 2597 arcem
972 2554 1053 2597 suam
1066 2536 1193 2611 Vclberg
1206 2536 1286 2598 abiit.
1317 2536 1403 2596 Hunc
1417 2552 1511 2612 nepos
1525 2527 1572 2597 no
1652 2582 1653 2591 ,

402 2647 463 2701 star
477 2642 591 2701 Samuel
606 2657 641 2701 eo
656 2641 824 2701 subsecutus
839 2646 893 2701 ost.

473 2745 601 2824 ⁸Eadem
620 2760 715 2806 comes
736 2746 905 2806 Wilbelmus
927 2746 1040 2807 litteras
1062 2746 1174 2807 Alberti
1195 2744 1368 2805 marchionis
1388 2762 1407 2805 ι
1425 2745 1573 2806 Brunden·

401 2851 478 2925 burg
491 2850 676 2910 Franciscnm
695 2866 714 2909 a
735 2834 848 2925 Dnlwig
867 2856 1070 2911 concernentes
1090 2852 1172 2911 nobis
1192 2852 1360 2926 transmisit,
1383 2851 1430 2910 cui
1451 2866 1507 2925 per
1526 2850 1572 2909 li·

401 2956 515 3016 borium
529 2954 645 3015 easdem
658 2955 771 3015 litteras
785 2954 927 3015 addentes
946 2958 1057 3017 comitis
1071 2956 1217 3017 Wilbslmi
1236 2956 1274 3016 ab
1294 2954 1473 3029 Henneberg
1491 2955 1572 3015 remi·

306 3117 311 3136 ,
401 3058 500 3132 simus,
522 3060 643 3133 iusuper
655 3059 782 3134 Liborio,
807 3060 877 3133 qnid
890 3068 990 3121 nostro
1006 3060 1120 3123 nomine
1134 3076 1153 3121 a
1166 3060 1269 3120 comite
1283 3059 1440 3120 Wilbelmo
1454 3065 1572 3134 peteret,

399 3164 582 3238 injungentes
601 3168 656 3223 etc.

488 3263 594 3328 Florus
608 3274 639 3328 ct
652 3268 803 3344 Philippus
817 3267 910 3328 irater
923 3270 954 3327 in
969 3284 1018 3328 rua
1033 3268 1142 3327 abiere.

487 3373 598 3433 Eadem
619 3390 673 3449 per
694 3375 818 3434 Moseon
839 3374 1083 3434 wormaciensem
1109 3372 1191 3432 nobis
1218 3372 1353 3433 exhibitu
1381 3380 1452 3439 suut
1472 3371 1573 3431 uenis

399 3476 579 3537 conciliabuli
594 3461 767 3537 Tridentini.
797 3478 933 3536 Venimus
947 3482 977 3536 et
991 3477 1090 3537 eadem
1111 3478 1149 3537 ad
1167 3477 1284 3552 iontem,
1308 3478 1358 3550 qni
1378 3478 1475 3536 estin
1496 3474 1573 3538 fossa

399 3580 480 3642 urbis
493 3580 632 3657 Augustae
647 3598 706 3642 uon
720 3582 821 3658 procul
835 3599 853 3641 a
866 3586 953 3656 porta
967 3588 1074 3641 sanctae
1089 3582 1181 3641 mucis
1197 3582 1365 3642 exeuntibus
1379 3581 1417 3640 ad
1433 3581 1573 3653 dextram

400 3700 486 3759 quem
491 3684 705 3775 Maximilianus
720 3703 819 3759 caesar,
831 3687 873 3745 its
885 3691 918 3745 ut
928 3686 1079 3759 aliquoties
1091 3701 1127 3745 ex
1141 3702 1176 3747 eo
1189 3686 1290 3749 bibere
1302 3685 1404 3745 solitus
1419 3687 1467 3761 sit,
1480 3688 1512 3746 in
1526 3686 1573 3746 de·

401 3787 475 3849 uuis
492 3789 603 3864 habuc,
626 3798 660 3851 nc
680 3796 804 3851 suatur
821 3792 980 3866 usurpem,
1004 3807 1068 3865 qus
1087 3790 1211 3852 nasson
1230 3792 1261 3849 m
1281 3806 1352 3850 saxo
1373 3788 1412 3851 ad
1433 3792 1575 3865 pausum

396 3886 498 3953 ¹ioutis.

488 3996 548 4056 Sub
561 4002 675 4056 noctem
689 3996 823 4058 liberius
843 4000 970 4060 notulam
989 3999 1069 4059 illam
1088 4000 1291 4075 recognitionis
1311 4004 1341 4059 et
1359 3998 1575 4074 capitulationis
1652 3980 1653 4015 ³

398 4100 476 4160 iuter
490 4116 628 4161 cesarem
642 4107 672 4161 et
684 4119 730 4161 mc
745 4102 860 4162 obtulit.
890 4104 931 4163 Et
950 4120 1114 4178 quanquam
1132 4121 1185 4181 per
1204 4122 1236 4165 se
1250 4106 1312 4180 iam
1330 4110 1392 4164 tum
1406 4104 1495 4165 nobis
1509 4120 1574 4179 gra·

397 4207 514 4267 sissima
528 4206 591 4266 visa
604 4206 655 4279 sit,
679 4212 775 4267 tamen
791 4209 891 4269 doctor
906 4209 1009 4269 Seldus
1023 4216 1200 4285 protestatus
1215 4216 1273 4283 est,
1297 4210 1322 4268 ιι
1335 4209 1382 4269 ιιι
1399 4224 1496 4269 caesar
1513 4204 1576 4284 ipsc

397 4311 444 4371 rel
457 4310 657 4372 Atrebatensis
671 4312 769 4386 aliqua
782 4313 812 4371 iu
828 4329 864 4372 ea
876 4315 1015 4373 mutaturi
1029 4316 1096 4390 siut,
1119 4331 1184 4393 quae
1203 4315 1273 4373 mibi
1291 4311 1425 4375 acerbius
1443 4314 1575 4374 rideren-

398 4420 457 4490 tur,
479 4432 517 4475 ne
532 4416 568 4475 de
582 4415 636 4475 hoc
651 4416 767 4476 Seldum
781 4418 913 4493 incusare
928 4418 1023 4478 velim.
1137 4488 1141 4491 ,

486 4520 610 4580 Domine
625 4522 705 4596 Jesu,
727 4538 820 4596 angor
834 4538 853 4581 a
867 4522 978 4581 dextris
993 4528 1024 4583 ιι
1037 4528 1168 4583 coarctor
1182 4540 1201 4584 a
1221 4522 1353 4596 sinistris,
1378 4520 1417 4582 da
1437 4520 1574 4583 resistere

397 4629 429 4685 ιι
442 4624 495 4685 tibi
509 4626 564 4685 soli
578 4624 679 4700 fidere,
702 4628 770 4686 anni
786 4626 862 4686 sinim
875 4627 919 4686 tui
934 4643 992 4687 nou
1007 4626 1148 4704 deficient,
1172 4627 1262 4688 ceteri
1275 4642 1373 4687 omnes
1389 4627 1573 4700 quantumvis
1652 4612 1653 4619 '

396 4732 530 4801 potentes
548 4733 583 4787 ut
601 4730 800 4790 vestimentum
818 4732 1016 4794 mutabuntur.
1052 4732 1077 4791 0
1098 4748 1152 4793 rex
1170 4749 1271 4808 regum
1291 4737 1320 4791 et
1341 4730 1507 4792 dominator
1521 4731 1571 4791 do·

305 4899 309 4905 φ
397 4831 482 4904 mine,
507 4832 622 4892 destrue
645 4850 756 4895 omnem
778 4843 950 4897 structorem
971 4844 1001 4899 ct
1023 4835 1212 4899 aedificantem
1232 4856 1289 4901 nou
1310 4835 1463 4898 fundatum
1486 4849 1572 4910 super
