3700 5692
965 727 1008 794 58

400 913 504 972 animis
518 909 556 971 ad
576 910 721 972 coelestem
741 912 863 984 patriam
883 910 979 971 redire
1000 912 1156 985 cupiamus,
1180 917 1213 970 ut
1231 909 1348 972 taudem
1365 921 1432 972 vere
1455 913 1472 972 a
1492 912 1562 972 malo

399 1019 561 1079 liberemur.
597 1019 718 1078 Interim
738 1021 838 1076 carnes
858 1032 937 1076 meas
957 1019 1059 1077 timore
1079 1019 1122 1077 tui
1140 1013 1260 1091 confige,
1284 1018 1352 1076 mibi
1371 1015 1510 1092 refugium
1528 1019 1563 1076 sis

399 1132 429 1185 et
442 1125 543 1184 virtus.
574 1123 649 1183 Nam
668 1139 726 1183 non
745 1124 801 1181 nisi
819 1124 851 1180 in
865 1123 1060 1183 misericordia
1075 1130 1126 1182 tua
1141 1123 1231 1182 virtus
1245 1137 1309 1181 mea
1324 1123 1463 1182 consistit.
1494 1121 1561 1182 Gen·

398 1232 469 1291 cede
490 1231 573 1302 milri,
597 1236 627 1289 ct
646 1229 753 1302 populo
774 1233 825 1287 tuo
846 1233 874 1286 et
895 1228 991 1288 domui
1011 1245 1081 1287 meae
1102 1229 1143 1288 ita
1161 1244 1296 1302 praeesse,
1318 1235 1351 1288 ut
1369 1243 1475 1287 omues
1490 1233 1563 1286 aetus

398 1337 491 1396 nostri
512 1335 612 1409 gloriae
636 1338 694 1392 tuae
720 1334 856 1392 serviant.
893 1333 959 1392 Tibi
980 1349 1041 1392 rum
1062 1331 1120 1393 lilio
1142 1341 1192 1393 tuo
1213 1333 1395 1394 dilectissimo
1417 1327 1477 1392 uua
1496 1338 1524 1393 ct
1541 1349 1562 1406 s.

398 1442 502 1516 spiritu
516 1441 690 1514 sempiterna
706 1439 744 1498 sit
758 1439 851 1512 gloria
866 1446 895 1497 et
910 1440 1001 1499 bonos
1016 1441 1046 1498 in
1059 1445 1162 1500 cuncta
1174 1441 1271 1499 secula
1284 1439 1455 1499 seculorum.
1470 1437 1563 1498 Amen.

487 1546 518 1619 iij
534 1545 607 1618 Maii
626 1542 654 1603 d.
676 1544 860 1604 Leouardum
876 1561 912 1603 ex
932 1561 994 1618 cap.
1014 1547 1054 1603 28
1071 1545 1204 1606 Matthaei
1224 1545 1442 1606 concionantem
1462 1544 1563 1604 audivi·

398 1669 461 1715 mus
484 1651 652 1724 superhaec
673 1650 777 1710 verba:
803 1650 873 1722 Quae
896 1667 958 1708 cum
974 1637 1124 1723 abiissent,
1149 1665 1213 1710 ecee
1234 1650 1387 1724 quidame
1408 1650 1565 1721 custodibus

398 1761 540 1819 venerunt
561 1757 595 1813 in
615 1756 758 1815 civitatem
782 1772 818 1814 ac
845 1756 1054 1816 nunciaverunt
1075 1755 1250 1830 principibus
1272 1754 1458 1816 sacerdotum
1479 1756 1566 1814 omnia

400 1879 464 1936 quae
480 1861 654 1934 acciderant,
679 1866 709 1920 et
731 1862 898 1934 congregati
921 1877 985 1919 cum
1007 1861 1182 1935 senioribus,
1207 1863 1325 1939 consilio
1348 1862 1464 1934 habito,
1487 1877 1564 1935 pecu-

398 1968 476 2026 niam
495 1967 641 2040 copiosam
657 1965 800 2025 dederunt
815 1967 965 2040 militibus,
991 1967 1131 2026 deantes:
1155 1965 1250 2025 Dicite
1272 1967 1349 2040 quod
1365 1966 1499 2039 discipuli
1512 1967 1566 2037 ejus

398 2077 482 2132 nocte
503 2073 635 2131 venerint
656 2079 686 2130 et
705 2071 793 2132 furati
814 2074 871 2132 sint
892 2089 957 2132 eum
977 2073 1058 2132 vobis
1080 2071 1294 2132 dormientibus.
1325 2071 1370 2131 Et·
1384 2073 1412 2130 si
1426 2073 1480 2134 boc
1495 2071 1566 2132 audi-

398 2182 459 2238 tum
474 2163 562 2237 iuerit
576 2177 629 2236 sub
643 2178 776 2252 praeside,
801 2195 853 2237 nos
868 2177 1104 2252 persuadebimus
1126 2179 1152 2236 ei
1173 2183 1202 2238 et
1222 2193 1338 2237 securos
1359 2176 1565 2237 vosiaciemus.
1644 2241 1645 2248 ,

397 2283 438 2342 At
452 2283 493 2341 illi
508 2288 626 2355 accepta
641 2285 763 2357 pecunia
778 2281 908 2342 iecerunt
922 2284 996 2343 sieut
1011 2288 1094 2342 erant
1116 2281 1218 2356 edocti,
1243 2287 1271 2340 et
1291 2281 1458 2354 divulgatus
1474 2286 1515 2341 est
1527 2282 1568 2341 bic

399 2404 494 2448 sermo
521 2387 599 2462 apud
625 2387 743 2448 Judaeos
766 2390 912 2462 usquein
939 2387 1108 2449 hodiernum
1129 2388 1212 2446 diem.
1251 2386 1362 2462 Primo,
1389 2387 1499 2463 inquit,
1521 2403 1565 2446 aa·
1644 2383 1645 2466 J

398 2494 491 2568 distis,
509 2499 542 2552 ut
555 2492 656 2553 scribae
668 2499 698 2553 et
704 2493 844 2552 Pharisaei
859 2500 888 2554 et
902 2496 1030 2553 seniores
1046 2495 1180 2554 excaecati
1195 2510 1229 2553 ac
1242 2493 1324 2558 rubia
1340 2499 1370 2554 et
1385 2493 1496 2557 invidis
1506 2508 1565 2567 per·
1644 2475 1645 2492 ¹

399 2601 449 2658 citi
468 2598 582 2658 Christo
604 2599 718 2658 domino
740 2617 798 2658 non
817 2600 910 2676 solum
930 2601 1113 2673 restiterunt,
1138 2598 1296 2658 sedetiam
1317 2599 1415 2672 ipsum
1437 2599 1567 2658 traditum

400 2703 494 2762 Pilato
515 2703 592 2762 muci
613 2702 692 2779 affigi
713 2710 861 2763 curarunt.
897 2705 959 2763 Nec
979 2705 1035 2764 hoc
1052 2721 1151 2764 eorum
1170 2703 1235 2764 odio
1255 2709 1285 2762 et
1303 2705 1421 2764 invidiae
1442 2710 1487 2764 sat
1501 2710 1565 2776 erat,

400 2809 469 2882 quin
490 2809 576 2867 etiam
593 2810 654 2883 jam
673 2816 816 2869 mortuum
836 2810 991 2869 mendaciis
1011 2818 1135 2870 onerant
1156 2815 1185 2869 et
1207 2813 1366 2870 commento
1388 2807 1514 2872 conficto
1527 2825 1566 2868 se
1644 2873 1645 2880 ,

399 2913 549 2988 pulchrum
568 2913 753 2988 obsignantes
771 2914 903 2974 custodes
923 2914 1015 2974 eidem
1034 2915 1200 2977 adhibuere.
1238 2916 1467 2989 Benignissimus
1480 2920 1567 2975 autem
1644 2921 1645 2982 Ϊ

399 3018 479 3106 Deus
495 3024 593 3078 noster
612 3019 698 3079 Jesus
718 3019 848 3094 Christus
868 3023 1036 3095 peremnia
1056 3037 1156 3080 eorum
1177 3022 1298 3080 sulutem
1318 3037 1454 3095 quaerens
1469 3021 1565 3096 glorio-
1644 3057 1645 3090 2

399 3139 460 3182 sam
475 3126 715 3185 resurrectionem
734 3142 816 3186 suam
834 3143 893 3186 nou
914 3143 968 3200 per
983 3127 1147 3202 discipulos,
1173 3143 1231 3186 nou
1251 3143 1304 3202 per
1323 3128 1506 3186 mulierculas
1524 3130 1568 3186 aut
1644 3121 1645 3202 f

400 3242 453 3303 per
467 3227 605 3304 homines,
627 3247 700 3304 ¹quos
715 3231 803 3291 ullam
817 3231 854 3291 ob
872 3247 988 3292 causam
1009 3238 1156 3307 suspectos
1176 3227 1283 3312 bal.
1302 3241 1432 3308 possent,
1456 3231 1508 3292 sed
1520 3247 1567 3306 per
1644 3213 1645 3250 ³

400 3352 464 3410 ees,
488 3352 560 3409 ques
578 3337 635 3412 ipsi
655 3353 708 3395 suo
727 3351 787 3396 aere
806 3337 843 3397 ad
861 3337 1005 3412 sepulchri
1025 3337 1183 3398 custodiam
1203 3333 1409 3413 conduxerant,
1434 3340 1506 3413 ipsis
1523 3353 1567 3394 au·

401 3443 531 3504 nunciari
552 3443 649 3502 voluit.
687 3444 796 3503 Verum
815 3459 869 3503 nec
887 3443 944 3502 hoe
963 3441 1101 3504 beneficio
1122 3460 1170 3504 eos
1192 3459 1316 3518 quoque,
1339 3449 1373 3502 ut
1392 3444 1495 3505 salutis
1514 3457 1566 3502 suc

399 3547 541 3607 rationem
560 3547 666 3609 babere
686 3548 839 3623 voluerint,
863 3549 1008 3608 adducere
1027 3551 1228 3624 pocula-quin
1246 3551 1365 3624 insuper
1383 3551 1478 3625 ipsum
1497 3546 1565 3608 veri·

399 3658 488 3712 tatem
501 3654 655 3713 mendaciis
671 3659 701 3713 et
714 3655 916 3729 largitionibus
932 3654 1053 3714 obruere
1069 3656 1165 3714 conati
1184 3660 1259 3716 sunt,
1289 3655 1337 3714 Ad
1356 3657 1413 3714 hoc
1428 3661 1459 3715 et
1472 3653 1566 3729 priori·
1644 3659 1645 3684 ¹

398 3758 452 3817 bus
472 3758 555 3817 malis
574 3761 771 3820 excusationes
785 3763 816 3820 in
836 3761 961 3834 peccatis
976 3761 1124 3835 addentes,
1146 3760 1283 3821 militibus
1304 3761 1440 3836 polliciti,
1465 3775 1496 3819 sa
1516 3758 1565 3817 illis

399 3879 499 3938 pacem
513 3865 591 3939 apud
605 3867 757 3939 presulem
770 3867 817 3926 vel
831 3868 927 3941 potius
942 3866 1080 3926 socordias
1101 3871 1130 3925 et
1141 3867 1283 3927 mendacii
1293 3867 1494 3941 impunitatem
1504 3882 1564 3940 pro

400 3975 559 4029 curaturos.
590 3969 723 4030 Ostendit
737 3977 832 4031 autem
846 3972 893 4030 bic
906 3971 1085 4032 ecclesiastes
1100 3989 1153 4046 per
1168 3973 1278 4045 aliquot
1293 3977 1472 4047 mgumeuta,
1488 3985 1564 4045 ouem

400 4090 458 4134 uon
480 4073 590 4158 Judaeis
612 4075 642 4132 in
662 4081 786 4134 menmm
807 4080 920 4138 venerit
943 4079 1048 4137 veteris
1069 4076 1228 4153 proverbii,
1252 4079 1418 4140 mendacem
1439 4081 1564 4154 oportere

399 4195 462 4238 esse
476 4195 639 4254 memorem,
664 4187 693 4239 et
711 4181 787 4240 banc
805 4184 918 4241 unicam
938 4182 1079 4243 mandacii
1098 4183 1272 4255 mercedem,
1297 4190 1330 4244 ut
1347 4183 1487 4257 quicquid
1504 4179 1564 4240 mali
1644 4197 1645 4212 ¹

398 4285 467 4346 inde
482 4286 637 4358 matingat,
661 4287 691 4344 in
706 4287 796 4361 ipsius
811 4289 974 4347 mentientis
989 4295 1076 4363 caput
1090 4288 1208 4362 resiliat,
1232 4295 1265 4348 ut
1279 4305 1346 4348 vere
1364 4289 1420 4348 illis
1436 4285 1564 4348 acciderit
1644 4269 1645 4314 ³

395 4392 480 4464 juxta
494 4390 634 4451 Davidem
649 4391 832 4465 prophetam:
848 4394 973 4452 Mentita
987 4397 1031 4452 est
1046 4375 1184 4467 iniquitas
1197 4394 1260 4453 sibi.
1291 4396 1391 4474 Itaque
1407 4390 1563 4454 mentiendo

399 4494 563 4570 effecerunt,
587 4501 619 4555 ut
639 4499 730 4556 omnm
750 4499 920 4574 perditionis
936 4513 1033 4557 eorum
1048 4500 1133 4575 culpa
1148 4516 1205 4559 uon
1218 4501 1249 4560 in
1264 4499 1410 4560 innoxium
1426 4498 1562 4558 domiuum

382 4599 509 4673 'lesum
518 4600 571 4659 sed
583 4604 615 4664 ia
627 4603 765 4677 ipsosmet
778 4604 921 4664 redundet
937 4609 990 4662 etc.
1022 4605 1166 4679 Similiter,
1184 4607 1287 4680 inquit,
1302 4605 1418 4664 ctDeus
1434 4621 1503 4678 erga
1516 4618 1562 4662 uns
1644 4681 1645 4684 Ἴ

398 4703 568 4776 longanimis
584 4710 636 4780 cst,
660 4725 718 4766 non
733 4711 830 4767 statim
845 4709 950 4768 delicta
966 4715 1066 4770 nostra
1080 4712 1170 4784 punit.
1201 4711 1256 4770 Ast
1274 4728 1357 4771 nemo
1376 4711 1430 4770 boc
1450 4707 1562 4767 ferociat

400 4810 450 4866 aut
469 4807 650 4882 impoenitens
669 4819 845 4886 permaneat.
877 4814 907 4872 Si
927 4814 1001 4873 enim
1022 4816 1063 4875 sic
1081 4819 1248 4892 periremus,
1272 4833 1333 4878 non
1350 4816 1423 4890 Deo,
1448 4815 1497 4890 qui
1515 4827 1561 4872 uos
