3700 5692
966 713 1020 784 4,

405 897 460 957 1100
472 913 578 972 rogare
588 897 762 972 episcopum,
778 903 835 970 quo
848 895 982 960 comitum
993 893 1163 956 ewaldeclr
1173 893 1346 954 mentionem
1357 891 1463 954 bebere
1473 892 1561 955 uellet.

405 1001 564 1076 Respondit
582 1001 679 1076 ireque
700 1001 822 1076 praesul,
848 1017 879 1060 se
899 1000 985 1060 hodie
1007 1000 1130 1074 primum
1153 999 1266 1074 negocii
1291 999 1382 1073 nostri
1401 997 1564 1072 descriptum

406 1106 551 1181 accepisse
565 1112 595 1165 et
609 1107 833 1181 quamprimum
851 1105 889 1166 ud
903 1106 1107 1180 imperatorem
1126 1105 1247 1165 introire
1266 1105 1373 1178 possit,
1396 1117 1564 1163 secessores

406 1211 563 1285 mejestatis
584 1211 788 1272 resolutionem
814 1226 903 1286 super
923 1211 969 1270 his
991 1211 1156 1286 petiturum.
1201 1210 1265 1270 Hoc
1286 1223 1423 1290 responso
1450 1207 1565 1269 contenti
1640 1227 1641 1296 ι

406 1315 537 1376 abiimus.
1351 1391 1357 1396 Ι
1640 1297 1641 1300 “

494 1420 594 1481 Habet
604 1419 804 1480 Atrebatemis
818 1419 1020 1480 inscriberem
1035 1435 1151 1480 suorum
1165 1434 1284 1479 numero
1298 1418 1484 1492 secretorium
1491 1415 1566 1476 Nori-
1640 1489 1641 1506 ἵ

406 1541 470 1584 cum
484 1541 521 1584 ex
535 1530 621 1600 gente
634 1526 884 1600 Pinzingerorum,
905 1541 991 1599 quem
1005 1525 1073 1584 dum
1087 1526 1314 1598 conveniremus,
1330 1525 1385 1598 cit,
1403 1540 1435 1584 se
1449 1527 1567 1582 nostram
1640 1517 1641 1528 ’

407 1629 523 1703 quidem
544 1645 660 1689 causum
681 1630 760 1704 apud
780 1631 946 1704 episcopum
966 1635 1113 1702 acturum,
1136 1644 1235 1689 verum
1254 1629 1285 1688 id
1298 1629 1422 1704 primum
1441 1627 1567 1702 temporis

407 1734 532 1808 viglium
546 1737 576 1792 et
591 1732 718 1794 Selldnm
731 1733 877 1794 decretum
890 1735 1003 1794 mositii
1017 1735 1173 1809 imperialis
1188 1735 1322 1810 episcopo
1338 1733 1483 1794 detulisse.
1518 1733 1567 1792 Ro·
1640 1707 1641 1728 ¹

408 1839 475 1913 gari
488 1843 631 1913 preterea
644 1839 748 1915 ipsum,
763 1839 831 1899 utsi
847 1856 905 1913 quc
917 1845 1024 1899 noetrae
1036 1855 1129 1900 cansae
1142 1840 1316 1900 mentionem
1330 1854 1349 1898 a
1361 1838 1434 1912 hero
1450 1853 1500 1898 suo
1514 1834 1568 1896 ieri
1640 1855 1641 1874 ι

407 1942 533 2016 audiret,
550 1943 646 2004 omniu
658 1945 689 2003 in
704 1945 977 2020 meliorempurtem
991 1947 1176 2018 interpretari
1190 1949 1350 2020 satageret,
1370 1959 1418 2004 me
1433 1949 1462 2004 et
1475 1939 1569 2002 buum
1640 1945 1641 2030 ζ

407 2049 457 2109 illo
471 2065 530 2109 non
543 2050 673 2123 ingratos
686 2045 808 2109 futuros.
833 2049 962 2110 Prsebuit
976 2065 1055 2127 spem
1068 2050 1182 2126 bonum,
1192 2050 1235 2111 sit
1247 2064 1361 2126 quoquc
1375 2048 1568 2124 imperatorem

407 2171 467 2214 non
479 2152 562 2215 focile
576 2154 722 2215 decretum
736 2155 964 2215 consiliariorum
978 2161 1100 2231 mutare,
1116 2155 1167 2216 scd
1178 2171 1290 2230 semper
1304 2152 1366 2225 iere
1380 2153 1463 2229 iilud,
1478 2159 1511 2214 ut
1522 2153 1569 2226 ipsi

407 2261 636 2334 proposuissent,
666 2260 861 2334 subscribere,
892 2261 950 2319 nisi
970 2276 1118 2336 personae,
1147 2277 1218 2336 ques
1242 2263 1413 2334 concernat,
1440 2257 1569 2333 ejusmodi

408 2371 513 2440 essem,
528 2365 607 2437 quod
621 2381 759 2425 summum
773 2365 914 2426 aduersus
932 2381 981 2424 ecs
995 2367 1154 2441 imperator
1169 2365 1266 2442 odium
1279 2366 1467 2440 concepisset.
1490 2365 1569 2424 Inter

407 2471 523 2544 rogavit
537 2472 631 2545 etium,
655 2487 723 2529 num
738 2487 773 2532 ea
786 2463 920 2545 pecunia,
944 2487 1030 2545 quam
1044 2487 1139 2530 comes
1157 2469 1282 2538 aSolms
1297 2487 1315 2530 u
1329 2470 1414 2544 nobie
1429 2472 1568 2545 exegisset,

407 2575 503 2635 soluts
515 2591 535 2634 a
548 2575 631 2634 nobis
644 2573 722 2634 ioret
734 2591 831 2635 necne.
853 2574 1001 2651 Respondi
1013 2592 1081 2652 non,
1098 2592 1197 2638 verum
1207 2577 1240 2637 id
1250 2592 1308 2638 non
1318 2591 1372 2650 per
1382 2591 1446 2650 nos,
1459 2575 1512 2635 sed
1525 2589 1570 2648 per

406 2679 622 2753 imperatorium
635 2681 814 2754 maiestatem
831 2686 933 2744 staret.
972 2681 1003 2740 Si
1022 2681 1160 2755 isiubeot
1180 2686 1210 2740 et
1223 2686 1323 2740 mutua
1338 2678 1489 2742 cattorum
1503 2678 1570 2754 prin·

408 2783 480 2858 cipis
493 2784 567 2843 iram
585 2799 637 2843 nos
656 2770 812 2845 defendere
831 2785 913 2860 vetit,
937 2800 991 2844 nos
1012 2786 1198 2847 libentissime
1220 2801 1284 2848 eam
1305 2785 1459 2860 pecuniam
1475 2782 1570 2844 cesari

407 2886 636 2965 depromptnros.
674 2889 764 2961 Quum
779 2891 902 2973 primum
915 2891 947 2949 in
961 2890 1115 2966 hospitium
1134 2891 1312 2966 devenimus,
1333 2890 1462 2956 Jocnues
1476 2887 1569 2962 Hegio

407 2994 579 3055 secretarius
593 2993 728 3054 Hoiensis
741 2993 781 3054 sd
794 3011 847 3054 nos
860 2996 953 3070 venit,
975 2998 1038 3072 qui,
1061 2996 1186 3071 acceptis
1200 2995 1342 3056 mundetis
1357 2995 1396 3056 ad
1412 2993 1569 3055 uxorculam
1640 3023 1641 3076 i

407 3103 551 3174 nostum,
575 3098 750 3159 sed-comites
769 3114 837 3158 suos
856 3100 1019 3178 contendit,
1043 3102 1120 3176 quod
1140 3107 1170 3162 et
1189 3101 1233 3162 illi
1251 3107 1282 3161 et
1303 3101 1384 3162 nobis
1403 3100 1485 3161 Dens
1506 3099 1570 3160 bene

408 3210 511 3264 vertet.

459 3329 463 3333 ’
496 3311 605 3371 Eadem
624 3311 767 3371 Ernestus
789 3310 916 3372 sSolms
938 3311 1086 3372 nobiscum
1107 3325 1231 3385 pransus
1247 3296 1313 3385 est,
1338 3289 1369 3370 et
1391 3326 1456 3372 cunr
1475 3323 1569 3394 meuse

407 3415 646 3492 occumberemus,
662 3415 806 3475 Adrianus
821 3433 840 3475 s
855 3417 975 3478 Zertzen
990 3416 1170 3492 supervenit,
1187 3417 1237 3489 qni
1251 3413 1339 3490 longe
1351 3417 1506 3486 verborum
1519 3429 1569 3476 sm·

407 3519 481 3594 bnge
502 3520 639 3596 produxit
658 3521 796 3596 scriptum
815 3519 862 3597 (ut
878 3518 996 3596 vocam)
1018 3523 1214 3597 compromissi
1236 3521 1312 3581 inter
1330 3519 1528 3583 boloniensem
1547 3523 1571 3577 et

407 3641 461 3685 nos
481 3625 691 3701 archiepiscopi
717 3625 811 3701 sigillo
838 3625 877 3686 od
896 3625 928 3684 id
949 3639 1092 3701 appenso,
1123 3643 1187 3687 cum
1209 3631 1305 3688 tamen
1327 3633 1392 3700 post
1414 3631 1460 3688 tot
1482 3639 1570 3702 preces
1640 3641 1641 3702 ι

407 3734 522 3790 nostras
535 3748 573 3791 ne
586 3732 688 3792 vocula
701 3731 839 3804 quidem
830 3749 862 3790 nr
874 3747 910 3791 eo
924 3737 1035 3794 mutata
1052 3736 1137 3792 esset.
1168 3732 1226 3793 Sed
1240 3748 1307 3792 suus
1322 3736 1438 3792 sanetum
1458 3731 1502 3790 bis
1517 3731 1571 3788 erat

406 3835 487 3908 rigor
504 3851 579 3909 ponc
595 3836 778 3908 tyrannidem
799 3836 923 3910 sapiens.
962 3836 1017 3900 Ast
1030 3833 1188 3910 frangenda
1202 3837 1264 3896 baec
1287 3853 1347 3898 uun
1365 3843 1445 3914 eret,
1470 3831 1571 3897 etismsi

407 3933 492 3996 focile
505 3938 677 4015 videremus,
695 3942 726 4001 in
741 3958 812 4015 quos
826 3941 888 4001 bec
904 3941 990 4002 modo
1006 3941 1159 4008 cuderetur
1173 3939 1249 4002 faba.

496 4041 587 4102 rama
600 4049 661 4103 tum
673 4043 833 4121 temeson,
848 4047 932 4119 jusu
946 4047 1062 4106 cesam
1077 4047 1167 4107 muru
1181 4047 1306 4121 ustum
1319 4046 1455 4107 numu
1469 4040 1569 4114 coneo,

408 4160 472 4205 cnm
486 4144 541 4207 hcc
554 4140 752 4224 inscriptione:
769 4151 851 4220 Unus
865 4151 959 4227 Deus,
975 4169 1034 4212 una
1046 4149 1133 4226 fides,
1151 4168 1224 4212 unus
1238 4167 1299 4212 rex.
1640 4157 1641 4168 ¹

495 4251 624 4313 Vidimus
643 4255 745 4314 ecdem
763 4256 795 4315 in
814 4257 898 4318 domo
917 4257 1052 4318 Otthonis
1074 4259 1231 4333 argentarii
1249 4257 1355 4318 molum
1375 4255 1414 4316 sd
1431 4250 1569 4332 poliendos

406 4355 573 4417 manantes
587 4367 728 4436 pmutum,
745 4365 775 4422 et
787 4378 821 4422 re
835 4363 899 4438 ipso
912 4364 1102 4439 comperimus
1110 4361 1271 4430 fabulosum
1282 4379 1355 4438 esse,
1371 4360 1448 4437 quod
1461 4359 1567 4420 adomts

407 4475 466 4521 non
480 4464 535 4523 nisi
549 4464 664 4526 hircino
676 4467 815 4542 mnguine
829 4467 972 4541 tepefectc
991 4467 1155 4544 frangetur,
1176 4469 1228 4530 sed
1242 4468 1363 4530 terendo
1378 4469 1484 4544 politur
1498 4470 1526 4524 et
1538 4476 1568 4520 eo

406 4566 580 4642 pulvisculo,
596 4571 646 4642 qni
660 4587 696 4631 ex
711 4572 821 4633 duabus
837 4573 954 4648 gemmis
969 4574 1045 4634 inter
1059 4589 1091 4634 se
1106 4573 1213 4635 attritis
1228 4559 1347 4648 decidit,
1364 4573 1426 4634 oleo
1441 4573 1568 4634 olivarum

407 4669 549 4746 suntme,
567 4676 687 4735 terendo
702 4692 791 4752 super
803 4677 902 4738 orbem
917 4678 1081 4752 plumbeum
1094 4679 1199 4756 teritur
1213 4683 1243 4738 et
1256 4680 1462 4740 comminuitur.
1499 4673 1567 4736 Ads-

377 4820 380 4823 .
408 4785 471 4832 mas
484 4790 543 4836 non
556 4777 663 4850 politus
676 4780 801 4842 colorem
813 4782 902 4843 babet
915 4781 1137 4846 subcinericium
1149 4783 1229 4846 foros
1243 4782 1390 4859 hispidior.
