3700 5692
948 730 991 794 22

383 923 414 978 et
427 916 582 976 eemmmds
597 913 702 974 uestris
722 927 809 989 super
833 927 984 974 nnmerum
1006 928 1101 973 mense
1115 914 1202 974 mans
1225 914 1415 990 multiplicatis
1434 929 1466 975 eo
1486 931 1536 990 qno

383 1023 443 1084 tibi
451 1023 586 1099 placitum
601 1026 644 1082 est
658 1021 753 1095 modo,
769 1038 822 1081 nos
836 1037 940 1080 eruens
955 1026 989 1079 ut
1002 1034 1067 1077 oum
1081 1019 1212 1093 patribus
1227 1023 1332 1082 uostris
1347 1021 1381 1081 de
1395 1021 1538 1096 gloriatus

384 1128 504 1204 gloriari
518 1143 665 1200 queamus.
703 1126 795 1200 quue
809 1142 906 1200 omne,
929 1125 1130 1199 benignissime
1144 1130 1242 1201 pater,
1259 1142 1317 1200 quo
1333 1127 1434 1186 nomini
1447 1131 1493 1186 tue
1506 1127 1540 1184 sit

384 1236 575 1309 sempiternus
596 1234 687 1294 honos
708 1238 738 1292 et
759 1233 867 1308 gloria,
890 1248 928 1292 ne
950 1229 1066 1305 sanguis
1085 1231 1232 1305 preciosus
1253 1229 1306 1290 filii
1323 1233 1366 1290 tui
1385 1231 1540 1291 sanctissimi

384 1338 493 1400 frustra
507 1355 561 1413 pro
575 1337 660 1397 nobis
675 1335 780 1396 effusus
793 1338 965 1398 inveniatur.
990 1337 1106 1396 inssisti
1120 1342 1159 1409 te,
1176 1335 1282 1396 oDeus
1295 1344 1401 1412 sanem,
1415 1336 1539 1410 invocari,

384 1444 547 1520 repromisit
561 1459 675 1517 quoque
689 1442 820 1503 dominus
834 1443 920 1504 lesus
935 1447 965 1502 te
980 1442 1062 1502 nobis
1077 1440 1229 1516 daturum,
1241 1459 1305 1517 ques
1320 1442 1451 1517 petimus,
1465 1441 1541 1499 miss·
1649 1513 1650 1522 ἵ

384 1551 539 1613 ricorditer
552 1548 653 1622 largiri
668 1547 804 1622 digneris.
843 1548 898 1621 Qui
912 1554 1006 1608 tecum
1024 1547 1096 1608 vivit
1109 1551 1139 1606 et
1152 1554 1256 1622 regnet
1270 1549 1300 1609 in
1315 1550 1423 1608 unitate
1437 1546 1542 1621 spiritns

387 1657 417 1717 S.
433 1656 514 1716 Deus
528 1670 581 1730 per
595 1655 691 1714 omnia
705 1656 801 1714 secula
816 1655 985 1714 seculorum.
1008 1654 1110 1713 Amen.
1525 1674 1534 1684 f

473 1759 584 1819 Eadem
597 1761 713 1835 conjugi
726 1761 881 1821 carissimae
894 1760 1091 1834 psalteriolum
1106 1777 1125 1819 a
1139 1758 1254 1819 domino
1269 1760 1336 1819 Vite
1348 1757 1494 1820 Theodoro
1508 1757 1544 1817 illi

385 1867 462 1927 dono
476 1866 584 1942 datum,
600 1868 729 1942 pectines
742 1867 811 1927 item
826 1865 982 1940 ebmneos‚
998 1870 1027 1925 et
1041 1865 1226 1924 trecennium
1238 1863 1471 1940 Augustanomm
1484 1879 1543 1922 con·

385 1974 577 2048 eiouatcrum,
597 1973 628 2032 in
642 1989 699 2046 quo
714 1989 823 2032 summe
837 1978 946 2032 nostres
964 1971 1112 2046 religionis
1130 1971 1161 2030 in
1175 1971 1273 2030 decem
1286 1971 1422 2032 articulos
1440 1967 1547 2028 redacta

385 2083 444 2152 est,
460 2078 529 2137 item
543 2078 688 2140 orationes
702 2078 865 2139 Bemhardi
879 2076 981 2137 Ochini
996 2075 1123 2150 eJusdcm
1138 2078 1284 2152 exemplar
1299 2077 1408 2138 loanni
1421 2073 1546 2136 Gabctec

388 2188 418 2243 et
431 2184 527 2245 Nellio
542 2184 746 2260 porrigendum
760 2185 978 2245 transmisimus.
1305 2256 1307 2260 Ι
1415 2252 1418 2258 ,

474 2288 602 2349 Aeoena
615 2290 703 2350 animi
718 2290 813 2364 gretia
826 2292 904 2350 intra
923 2288 995 2350 duas
1015 2292 1113 2364 partas
1130 2287 1202 2362 Lyci
1220 2285 1300 2349 fluvii
1320 2289 1511 2350 amsanitetm
1524 2277 1557 2344 et¹

387 2395 479 2456 omnis
494 2396 607 2471 generis
621 2396 743 2471 piscium
756 2396 867 2456 rivaria
880 2395 1089 2470 conspeximus.

352 2500 357 2508 ’
476 2501 624 2575 Propitius
643 2502 726 2563 uobis
746 2506 823 2576 este,
849 2501 963 2561 domiue
978 2499 1087 2574 JESU,
1104 2503 1134 2560 et
1149 2499 1188 2560 da
1201 2506 1234 2560 ut
1247 2515 1332 2561 omne
1348 2513 1418 2575 opus
1432 2501 1550 2560 noenum

387 2606 480 2683 patris
493 2613 609 2681 tuaque
623 2604 704 2666 laudi
718 2607 834 2666 serviat.

474 2710 524 2782 xxj
539 2708 648 2784 Aprilis
662 2709 885 2784 Burglduardum
899 2711 1035 2771 nuncium
1050 2709 1165 2770 domum
1178 2711 1379 2786 relegavimus.

368 2852 370 2855 -
475 2813 587 2874 Eadem
594 2814 633 2875 ad
641 2814 862 2876 Atrebatemem
873 2816 1106 2890 admiseramus,
1121 2815 1172 2876 nbi
1184 2822 1373 2890 posteaquam
1386 2814 1489 2890 presul
1499 2811 1549 2872 sin·

387 2906 464 2996 elffii
478 2921 609 2980 dmm
623 2919 806 2994 Proebuisset,
822 2919 962 2994 Magister
976 2920 1110 2981 Liberius
1126 2923 1167 2982 sie
1181 2922 1278 2982 dicere
1293 2922 1394 2996 eoepit:
1415 2919 1550 2980 Reverso
1649 2969 1650 2994 χ

388 3026 505 3088 disdme
518 3030 548 3085 et
561 3025 682 3086 illustris
700 3025 815 3086 domine
834 3025 983 3102 princeps,
1004 3026 1041 3086 D.
1056 3028 1092 3086 V.
1109 3028 1187 3101 qnod
1200 3029 1264 3088 heri
1283 3029 1331 3088 hic
1345 3026 1459 3088 nomine
1473 3023 1550 3086 comi·
1649 3011 1650 3016 ’

388 3137 450 3191 tum
463 3136 627 3191 nostrorum
642 3129 810 3191 aWaldeck
824 3128 998 3192 ediderimus
1012 3133 1101 3208 norit,
1117 3137 1249 3210 petentes
1263 3139 1297 3194 ut
1309 3135 1382 3208 ipsis
1394 3132 1430 3192 D.
1440 3132 1474 3192 V.
1489 3130 1551 3190 allo·

388 3235 495 3311 queudi
507 3232 628 3296 facultas
642 3233 771 3310 daretem
787 3239 818 3295 et
832 3235 910 3310 quod
921 3237 1006 3297 simul
1019 3239 1050 3298 iu
1062 3237 1187 3298 medium
1200 3241 1415 3301 exeusationem
1429 3236 1554 3298 comitum

387 3347 552 3404 nostorum
566 3347 596 3402 et
609 3341 688 3418 quod
701 3341 741 3402 ad
754 3341 918 3402 citationem
933 3343 1077 3417 attineret,
1093 3344 1273 3406 adduximus.
1311 3345 1398 3406 Nune
1411 3343 1498 3420 igitur
1510 3355 1551 3401 ce·

387 3449 471 3510 mites
489 3449 545 3522 ipsi
564 3451 721 3524 presentes
740 3453 856 3523 petunt,
884 3454 918 3508 nt
937 3449 1174 3512 reverendissima
1188 3451 1225 3513 D.
1242 3454 1277 3513 V.
1297 3451 1364 3512 illes
1384 3449 1484 3510 audire
1501 3461 1554 3506 nen

387 3554 569 3630 dedignetur.
592 3553 666 3614 Sunt
679 3560 776 3615 eutem
788 3556 935 3629 petitionis
948 3573 1046 3616 eorum
1059 3558 1122 3618 hac
1134 3561 1239 3635 eapite.
1262 3559 1360 3618 Primo
1376 3555 1455 3631 qued
1467 3553 1505 3614 ad
1517 3552 1552 3625 id,

386 3658 624 3735 quodtauquem
643 3660 816 3721 rebellantes
838 3661 920 3721 citati
940 3661 997 3720 huc
1020 3663 1093 3738 siut,
1117 3663 1215 3724 deant
1238 3679 1269 3723 se
1290 3663 1363 3722 nihil
1384 3660 1484 3722 iecisse
1504 3658 1553 3718 nisi

386 3771 503 3827 coactos
516 3782 535 3825 a
546 3765 742 3840 landtgravio,
762 3768 844 3842 eujus
858 3765 960 3826 vasalli
975 3772 1042 3826 sunt
1057 3772 1086 3826 et
1100 3770 1162 3842 ejus
1177 3769 1280 3830 ditioni
1293 3769 1461 3842 viciniores,
1476 3778 1554 3839 quam

385 3875 421 3929 ut
433 3869 501 3930 huic
515 3869 671 3944 quidquam
684 3870 828 3947 denegare
842 3873 906 3933 ausi
916 3869 1033 3932 inerint.
1054 3875 1202 3936 Proeterea
1215 3877 1240 3935 si
1252 3876 1321 3949 quid
1332 3877 1364 3933 in
1378 3875 1433 3934 hac
1447 3887 1479 3932 rc
1493 3883 1552 3944 pec·

387 3976 529 4051 caverim,
548 3992 581 4035 se
595 3977 709 4036 nomine
723 3978 917 4052 imperatorin
931 3981 1089 4054 majestatis
1105 3997 1142 4040 ex
1156 3980 1360 4055 capitulatione
1374 3980 1452 4038 inter
1466 3973 1552 4036 cara

387 4093 481 4140 serem
502 4085 532 4140 et
557 4081 767 4157 landtgravium
788 4085 994 4159 comprehense
1014 4104 1033 4146 a
1053 4087 1168 4148 domino
1188 4086 1353 4148 Reiuhardo
1376 4101 1395 4144 a
1419 4084 1508 4144 seins
1528 4083 1554 4138 ct

386 4185 501 4247 Joanne
515 4182 641 4261 Georgio
655 4187 787 4248 Schaden
801 4206 820 4248 a
833 4189 1057 4266 Mittclbibraeh,
1073 4208 1205 4252 casareae
1219 4191 1378 4268 maiestatis
1398 4188 1552 4252 commitet-

385 4292 456 4366 rios,
480 4292 636 4354 absolutos.
671 4293 803 4355 Secundo
831 4297 909 4355 inter
935 4297 1179 4374 arehiepiscopum
1200 4297 1400 4358 coloniensem
1426 4297 1458 4355 'et
1482 4293 1553 4368 ipsos

385 4397 524 4458 lacteum
537 4414 651 4459 errores
666 4400 775 4474 anquot
792 4415 857 4460 enm
871 4402 1020 4462 extiterint
1034 4409 1064 4464 et
1077 4404 1098 4462 ii
1112 4413 1165 4477 per
1178 4407 1319 4462 naemms
1339 4400 1427 4462 modo
1447 4411 1552 4471 mmpe·

386 4503 435 4562 siti
448 4505 521 4578 sint,
545 4505 662 4564 comims
680 4507 737 4566 mei
755 4506 1023 4568 reverendissimam
1037 4508 1074 4567 D.
1089 4511 1125 4570 V.
1141 4507 1245 4569 obnixe
1265 4525 1328 4568 enm
1347 4507 1426 4567 omni
1440 4503 1552 4564 submis-

389 4609 471 4667 sione
488 4616 608 4684 rogant,
632 4616 664 4671 ut
685 4612 787 4672 eadem
801 4612 838 4672 Ι).
854 4612 889 4672 V.
912 4613 991 4688 apud
1007 4629 1161 4674 ceesmeem
1182 4615 1366 4688 majestatem*
1380 4607 1554 4672 intercedere

390 4725 445 4784 l)ro
459 4711 529 4784 ipsis
551 4713 699 4790 dignam,
723 4732 781 4789 quo
794 4732 921 4778 wserea
942 4719 1077 4799 maiestas
1100 4734 1154 4794 pro
1176 4735 1229 4779 sue
1251 4716 1401 4778 clementia
1422 4720 1452 4776 et
1469 4711 1551 4774 domi·

393 4826 496 4875 norum
516 4819 774 4882 commissariorum
794 4823 1004 4886 absolutionem
1024 4811 1119 4886 retem
1138 4830 1167 4887 et
1188 4823 1380 4886 confirmatam
1402 4819 1508 4882 habore
1527 4821 1553 4877 et
