3700 5692
841 757 904 822 las

281 938 559 999 Volcirmnriensinm
573 940 660 996 misit.
691 939 769 1010 Quas
782 937 857 997 idem
876 955 930 1012 per
945 937 1080 995 Lindium
1094 939 1287 1000 Waldecianis
1308 942 1456 1002 comitibus

282 1044 413 1103 exhiheri
424 1043 521 1117 jussit.
549 1043 710 1118 Episcopus
728 1049 826 1103 autem
844 1044 881 1104 de
894 1044 1009 1103 Eubnlo
1029 1044 1086 1105 dno
1101 1051 1273 1119 conquestus
1293 1053 1345 1121 est,
1369 1065 1456 1107 unum

283 1148 363 1224 quod
383 1147 536 1207 Gaiactem
556 1148 687 1221 plaustra
703 1150 815 1223 aliquot
833 1151 964 1209 materiei
982 1149 1053 1209 ferri
1075 1166 1110 1210 ex
1131 1151 1246 1209 mineris
1269 1166 1314 1209 am
1335 1152 1459 1211 Teuffels

283 1254 362 1314 Patb
376 1256 514 1327 avexerit,
538 1260 569 1313 et
584 1254 661 1327 qnod
674 1254 711 1313 de
725 1255 848 1327 homine,
871 1256 921 1329 qni
936 1256 1009 1329 bigae
1025 1271 1093 1315 casu
1108 1273 1166 1315 non
1179 1258 1280 1330 procul
1299 1257 1366 1317 inde
1380 1273 1457 1317 mor·

282 1368 353 1419 tuns
367 1365 421 1432 est,
445 1360 583 1417 uxorcula
597 1364 696 1419 nostra
709 1361 822 1420 litteras
843 1360 889 1437 (ut
906 1362 1015 1420 teneris
1035 1361 1244 1435 episcopalibus
1263 1362 1398 1421 auriculis
1418 1364 1459 1422 vi-

285 1465 422 1539 debatur)
441 1464 668 1524 contumaciores
687 1466 895 1539 perscripserit.
931 1465 1052 1525 Addidit
1070 1471 1214 1541 praeterea
1234 1472 1263 1526 et
1282 1466 1459 1526 Coloniensis

283 1570 388 1642 minas,
411 1572 442 1629 ni
456 1570 493 1630 de
506 1570 693 1629 molestandis
711 1572 770 1629 suis
788 1588 808 1630 a
825 1572 932 1631 nostris
951 1572 1197 1647 supersederetur,
1221 1588 1252 1631 se
1272 1574 1318 1631 vel
1333 1574 1459 1631 erastino

284 1679 427 1735 tractatus
442 1680 523 1735 mnto
536 1677 637 1735 labore
651 1677 727 1735 inter
741 1693 795 1735 nos
809 1676 922 1737 habitos
937 1678 1034 1737 irritos
1049 1674 1190 1737 maurum
1202 1685 1232 1737 et
1243 1677 1369 1736 mandati
1382 1678 1460 1735 illius

284 1782 483 1840 executionem
504 1782 670 1855 petiturum.
708 1782 829 1841 Fratres
847 1789 944 1842 tamen
965 1783 1057 1842 nostri
1079 1783 1200 1856 abipso
1222 1784 1334 1843 iitteras
1357 1782 1460 1842 Volck-

284 1885 476 1945 mariansibns
498 1887 605 1946 civibus
625 1886 860 1947 transmittendas
882 1888 1081 1963 obtinuerunt,
1105 1888 1224 1962 quibus,
1246 1894 1280 1947 nt
1301 1887 1459 1961 dicebatur,

284 1992 345 2048 rim
363 1991 479 2049 rusticis
498 1983 605 2050 inferre
626 1991 842 2066 prohibebatur.
880 1993 968 2052 Floro
983 1994 1156 2067 injunctum,
1178 1998 1211 2052 ut
1224 1993 1331 2052 Eubuli
1346 1994 1460 2052 nomine

285 2097 384 2155 comiti
398 2112 418 2154 a
432 2096 547 2155 Nasson
560 2098 758 2171 responderet.

377 2201 450 2260 Post
463 2218 575 2260 eoenam
589 2207 656 2261 ante
671 2204 809 2278 palatium
825 2202 947 2262 uasaris
963 2203 1221 2276 deambulabam,
1245 2203 1295 2261 uhi
1315 2202 1368 2261 sub
1383 2206 1461 2260 octa·

285 2308 354 2365 rani
371 2306 598 2379 pomeridianam
616 2309 747 2383 magistri
765 2308 898 2367 ordinum
918 2308 1031 2382 pedites
1051 2307 1088 2368 ad
1108 2308 1221 2381 vigilias
1243 2308 1334 2366 noetis
1355 2308 1460 2366 eonsti-

284 2417 414 2472 tuerunt.
450 2412 515 2473 Hoc
533 2420 629 2473 antem
650 2413 801 2475 Germanis
820 2418 852 2472 et
869 2412 964 2473 dolori
983 2419 1013 2471 et
1032 2413 1166 2473 dedecori
1187 2419 1232 2472 est
1253 2414 1360 2485 eterit,
1384 2410 1462 2484 quod

285 2534 354 2575 cnm
367 2515 503 2577 Germani
524 2519 635 2591 pedites
655 2520 695 2580 ad
716 2517 934 2578 custodiendum
953 2520 1068 2577 casaris
1088 2518 1226 2591 palatium
1245 2517 1346 2577 ordine
1368 2522 1458 2575 statn-

287 2628 418 2695 erentnr,
442 2640 530 2696 ocyus
544 2626 621 2683 iberi
636 2641 749 2698 quoqne
764 2627 892 2698 timpano
906 2625 1019 2683 incusso
1035 2623 1073 2683 ad
1090 2622 1245 2697 hospitium
1260 2623 1381 2683 Joennls
1395 2621 1460 2679 Fri-

288 2725 379 2785 derici
394 2730 495 2801 optimi
510 2731 648 2803 principis
661 2732 793 2803 veniunt,
816 2730 923 2790 ibidem
938 2730 1071 2789 excubias
1087 2736 1215 2803 agentes.

379 2832 502 2893 Domine
525 2834 676 2909 liberator,
705 2836 755 2908 qni
777 2836 829 2894 das
857 2836 976 2910 captivis
1003 2835 1225 2909 indulgentiam,
1250 2822 1411 2907 ‘morando
1434 2836 1463 2890 et

207 2936 211 2940 ’
289 2938 378 3012 hnjns
392 2940 469 2997 servi
483 2943 527 2997 tni
540 2940 572 2998 in
585 2938 692 2998 bonnm
705 2948 857 3000 memento.

379 3046 446 3118 xxvj
469 3046 542 3117 Maji
564 3044 593 3103 d.
617 3046 701 3105 ioan.
724 3046 866 3105 Henricus
887 3045 968 3118 (nam
990 3044 1137 3105 Masculus
1162 3046 1226 3105 ravi
1246 3041 1409 3118 laborabat)
1432 3044 1463 3101 in

289 3148 354 3207 tede
368 3148 501 3208 Mauritii
515 3148 635 3208 eundem
651 3168 735 3223 quem
748 3150 812 3208 heri
832 3150 997 3221 explanavit
1015 3156 1126 3209 textum
1148 3155 1291 3224 repetens,
1315 3149 1464 3209 conciona-

289 3259 338 3313 tns
359 3260 419 3329 est,
442 3272 551 3314 summa
571 3258 721 3330 diligentia
743 3256 928 3328 magistratus
948 3256 1139 3313 reverentiam
1159 3253 1197 3313 oh
1215 3254 1272 3311 Dei
1290 3258 1465 3326 praeceptum

290 3360 437 3420 inculcare
459 3368 579 3421 conatus
600 3380 653 3436 per
675 3380 697 3420 s.
719 3362 869 3433 scriptura
892 3359 1029 3418 historias
1051 3356 1216 3431 ostendens,
1248 3374 1334 3430 qnam
1358 3355 1466 3415 referat

291 3466 459 3539 reipublice
473 3484 611 3540 personas
626 3470 657 3526 in
675 3468 731 3527 hoc
750 3472 827 3525 statu
846 3467 1015 3524 constitutas
1037 3479 1113 3537 esse,
1136 3464 1213 3521 viros
1228 3462 1318 3521 honos
1333 3462 1465 3519 timentes

291 3569 401 3645 Deum,
425 3574 546 3645 justitiae
569 3579 599 3632 et
620 3575 695 3647 aequi
717 3577 847 3631 amantes
869 3577 938 3644 etc,
967 3577 996 3629 at
1018 3567 1095 3642 qnod
1118 3568 1257 3641 ejusmodi
1279 3580 1466 3640 personarum

291 3678 424 3749 regimen
438 3694 497 3737 non
510 3696 629 3752 parvum
643 3684 673 3737 et
687 3678 809 3736 subditis
824 3682 853 3736 et
871 3677 957 3735 terris
977 3672 1135 3748 proiectum
1154 3672 1293 3733 conferat.
1323 3671 1466 3729 Nimirum

293 3782 371 3853 quod
385 3799 471 3842 verus
486 3783 542 3844 Dei
563 3786 656 3844 cultus
677 3788 706 3841 et
722 3781 841 3855 justitiae
856 3783 935 3855 leges
958 3798 1011 3856 per
1030 3782 1103 3840 tales
1122 3780 1200 3839 viros
1220 3782 1423 3838 conserventur
1438 3779 1467 3833 et

293 3889 432 3951 idolatria
445 3906 481 3948 ac
500 3892 591 3948 omnis
610 3896 731 3949 externa
751 3886 893 3960 impietas,
917 3892 1056 3959 quantum
1075 3885 1103 3944 id
1119 3884 1182 3945 fieri
1201 3890 1297 3958 queat,
1320 3882 1465 3940 tollantur.

293 3994 449 4054 Adducens
470 3996 501 4053 in
523 3995 608 4069 hnjns
631 3995 675 4051 rei
699 3993 814 4051 euidens
839 3992 999 4066 exemplum
1020 3992 1192 4064 legislatoris
1216 3989 1334 4061 Moisis‚
1358 3985 1468 4045 strenui

293 4102 404 4174 iosuae,
428 4100 529 4174 optimi
543 4100 613 4158 ciris
627 4097 767 4170 Danielis,
790 4098 922 4155 Ezechiae
938 4101 967 4155 et
981 4096 1000 4155 J
1002 4097 1070 4155 osiae
1089 4088 1280 4169 piissimorum
1298 4108 1398 4165 regum
1413 4096 1467 4149 etc.

293 4205 429 4264 iudicans
445 4221 509 4277 quse
523 4205 625 4264 horum
640 4205 742 4279 pietas,
766 4202 923 4261 dexteritas
945 4208 974 4261 et
994 4202 1072 4259 zelus
1088 4218 1158 4274 erga
1173 4200 1266 4259 Deum
1286 4198 1360 4255 etin
1374 4200 1468 4254 tram·

294 4326 444 4386 gressonas
465 4314 583 4369 austera
604 4309 813 4369 animadversio
836 4306 938 4380 inerit,
962 4322 1025 4380 quae
1047 4308 1115 4366 item
1138 4306 1220 4365 bonis
1242 4302 1295 4360 sub
1317 4300 1363 4357 his
1384 4297 1470 4357 luerit

295 4420 378 4493 quies
393 4423 449 4477 etc.
478 4414 590 4475 Deinde
610 4416 735 4473 omnium
754 4415 856 4473 horum
875 4412 1040 4485 antithesin,
1065 4427 1122 4484 quo
1143 4409 1238 4468 album
1254 4408 1338 4480 iuxta
1357 4405 1469 4476 nigrum

295 4524 527 4599 positum-magis
542 4523 726 4594 elucesceret,
748 4520 854 4593 posuit,
878 4535 965 4591 quam
979 4517 1144 4576 turbulenta
1164 4512 1260 4573 omnia
1279 4512 1346 4583 sint,
1370 4524 1469 4581 quiam-

296 4646 355 4703 que
369 4629 472 4703 optimi
487 4628 594 4700 quique
608 4627 661 4685 suh
676 4624 861 4699 hypocriticis
880 4628 910 4682 et
928 4623 1011 4681 mahs
1030 4618 1205 4694 principibus
1226 4616 1270 4693 (ut
1289 4616 1405 4674 interim
1425 4618 1469 4670 ta·

295 4752 377 4794 ceam
392 4750 505 4794 ornnem
519 4734 687 4807 religionem
702 4736 732 4789 et
746 4745 840 4787 mores
854 4727 961 4803 rectos)
982 4728 1034 4785 suh
1048 4725 1153 4785 talibus
1173 4738 1287 4797 pessum
1302 4723 1377 4779 eant.
1408 4716 1470 4775 Hu-

293 4842 342 4915 jus
366 4839 470 4899 farinae
493 4840 638 4913 principes
660 4835 778 4895 inerunt
800 4835 870 4895 Saul
891 4833 1034 4893 Davidem
1057 4844 1245 4905 persequens,
1270 4842 1354 4899 quem
1377 4822 1414 4883 ab
1437 4838 1471 4879 eo

1213 4936 1231 4990 8
1243 4932 1259 4965 ’it
