3700 5692
963 739 1007 804 82

405 923 498 981 nostri
512 928 541 981 et
556 921 638 981 uobis
653 922 684 980 ln
698 921 811 980 bonum.
850 920 970 980 Manum
989 920 1079 994 igitur
1101 923 1193 995 patris
1208 920 1354 996 patienter
1368 926 1401 981 et
1411 920 1560 982 obedienter

404 1025 539 1087 feramus.
563 1028 682 1087 Interim
697 1026 752 1087 hoc
766 1024 874 1087 addens
890 1027 1060 1099 exemplum.
1086 1024 1297 1086 Paterfamilias
1312 1027 1336 1085 si
1351 1026 1491 1086 surculum
1503 1026 1561 1085 mali

403 1133 515 1193 arboris
530 1133 622 1207 stipiti
636 1134 737 1191 inserit
751 1137 780 1192 et
794 1133 849 1191 hoo
863 1132 1018 1205 virgultum
1034 1130 1065 1191 iu
1080 1131 1262 1191 arbusculam
1284 1131 1388 1191 evadat
1402 1138 1431 1192 et
1443 1147 1524 1191 unum
1536 1135 1561 1189 et

404 1240 526 1300 alterum
546 1241 694 1315 pomnlum
714 1242 785 1300 bero
805 1256 858 1299 suo
878 1239 1035 1315 producat,
1060 1241 1228 1312 pergratum
1247 1238 1363 1311 quidem
1383 1244 1426 1297 est
1439 1239 1514 1297 bero.
1536 1236 1561 1295 Si

403 1350 498 1405 antem
512 1346 630 1406 taudem
650 1346 680 1406 in
699 1346 785 1418 J'ustae
806 1346 989 1418 proceritatis
1011 1343 1142 1403 arborem
1166 1350 1315 1403 excrescat
1329 1348 1358 1403 et
1372 1348 1433 1402 tum
1447 1342 1561 1403 nonnisi

403 1466 491 1509 unum
506 1457 557 1511 aut
571 1452 693 1511 alterum
708 1431 822 1526 pomum
837 1449 1030 1526 patrifamiliae
1045 1449 1159 1522 tulerit,
1183 1448 1300 1509 tandem
1315 1448 1505 1509 subirasoetur
1518 1462 1560 1520 pa·

403 1555 571 1617 terfamiliaa
591 1562 620 1615 et
639 1557 771 1617 arborem
793 1556 868 1616 hauc
887 1555 1035 1615 succidere
1055 1553 1176 1628 jubebit.
1217 1554 1266 1615 Sic
1285 1570 1400 1629 quoqne
1422 1560 1464 1614 est
1483 1553 1562 1626 patris

403 1661 529 1722 coelestis
544 1677 616 1735 erga
630 1678 683 1721 nos
698 1663 823 1735 aninrus,
847 1661 871 1719 si
893 1676 1007 1735 semper
1029 1661 1134 1719 erimus
1155 1660 1298 1720 discentes
1318 1667 1348 1720 et
1368 1666 1510 1734 'nunquam
1531 1656 1561 1717 ad

403 1762 516 1841 frugem
530 1767 683 1839 peruenire
698 1781 842 1841 conemur,
859 1784 918 1826 uon
933 1765 1061 1840 quotidie
1076 1765 1243 1839 nobisipsis
1258 1766 1391 1826 meliores
1402 1764 1562 1826 evaserimus

403 1886 438 1930 ac
452 1872 481 1930 in
496 1870 554 1930 uite
568 1872 619 1931 illa
634 1870 750 1932 Christo
770 1872 874 1931 uberes
896 1848 1007 1931 bueus
1021 1868 1155 1931 feramus.
1195 1870 1252 1930 Sed
1267 1870 1331 1930 haec
1344 1872 1448 1945 omnia,
1472 1870 1561 1943 inquit,

404 1976 481 2037 dicta
496 1978 554 2037 sint
569 1978 606 2037 de
620 1978 783 2039 christianis
799 1983 828 2037 et
843 1978 893 2051 qui
909 1977 1024 2037 Christo
1044 1976 1160 2036 nomina
1174 1992 1227 2036 sua
1241 1976 1393 2050 dederunt,
1410 1977 1453 2037 illi
1467 1976 1562 2035 servire

404 2096 441 2142 ex
455 2083 551 2144 animo
566 2085 722 2159 cupientes.
746 2084 823 2143 Nam
837 2084 964 2157 reliquos
979 2083 1121 2156 palmites
1140 2083 1189 2157 qui
1203 2087 1307 2156 sponte
1321 2081 1504 2156 degenerant,
1518 2094 1561 2155 pa·

402 2195 449 2249 ter
462 2189 621 2263 amputabit
641 2196 671 2248 ct
685 2190 819 2249 collectos
834 2190 895 2264 igni
909 2190 1028 2263 injicere
1039 2187 1159 2261 jubebit.
1182 2186 1264 2247 Dixit
1278 2194 1308 2248 et
1322 2186 1380 2247 ulia
1394 2187 1485 2247 multa
1498 2200 1561 2261 pra

403 2293 484 2354 clara
497 2295 528 2353 in
541 2295 617 2355 banc
631 2297 812 2356 sententiam.
845 2295 931 2356 Faxit
945 2294 1026 2355 Deus
1038 2298 1071 2354 nt
1085 2295 1173 2353 simus
1187 2292 1318 2369 palmites
1332 2291 1411 2368 fidei,
1428 2297 1563 2368 portautca

404 2400 504 2464 botros
518 2401 549 2460 in
563 2401 616 2460 viti
630 2417 707 2462 vera.
731 2401 832 2460 Amen.
889 2416 894 2421 ·

490 2506 554 2566 Hac
570 2505 616 2565 die
630 2506 815 2565 Frauciscum
836 2506 971 2565 nuncium
986 2522 1087 2566 rursus
1103 2504 1291 2567 Gorbec'ninm
1313 2507 1411 2565 multis
1426 2506 1562 2565 literaruu

402 2610 544 2674 faodoulis
560 2618 711 2672 oneratum
730 2612 898 2671 remisimus.
937 2610 1107 2671 Remisimus
1122 2618 1151 2672 et
1165 2612 1276 2673 doctori
1295 2612 1390 2672 Maior
1404 2612 1492 2673 libros
1506 2624 1562 2669 snos

403 2734 457 2791 per
469 2716 659 2778 Melcbiorem
673 2717 817 2777 Lindiam.
923 2728 927 2733 ’
1207 2702 1210 2709 ’

493 2824 569 2883 Ante
584 2823 732 2884 meridiem
747 2820 853 2883 frames
868 2824 1051 2884 sollicitatum
1065 2822 1161 2898 ibant,
1185 2824 1236 2884 sed
1250 2823 1451 2884 Atrebatensis
1466 2827 1564 2898 patrem

403 2928 525 2991 adierat.
555 2929 718 3004 oprando
733 2946 802 2991 vero
817 2947 870 3005 per
884 2930 1089 2990 cubicularium
1111 2930 1173 3002 ejus
1193 2930 1248 2990 hoe
1262 2930 1393 3003 responsi
1407 2930 1564 3003 accepimus,

403 3033 466 3095 beri
481 3051 500 3096 a
513 3037 601 3095 missa
617 3035 724 3095 Oaesari
747 3036 784 3095 de
797 3036 852 3096 bac
867 3053 899 3097 re
915 3052 947 3095 se
962 3035 1092 3096 nonnihil
1108 3031 1229 3107 dixis'se,
1253 3036 1306 3095 sed
1327 3037 1527 3110 imperatorem
1539 3044 1564 3088 se

403 3137 530 3202 nondum
544 3141 706 3202 resolvisse.
729 3141 786 3201 Hic
801 3146 864 3201 erat
877 3142 963 3216 hujus
979 3141 1036 3201 diei
1051 3145 1140 3201 actus.

492 3246 642 3305 Inuisimus
668 3247 813 3306 doctorem
841 3246 977 3307 Corolum
997 3253 1027 3307 et
1045 3246 1233 3321 perexiguum
1253 3252 1317 3306 eret
1337 3247 1399 3321 elus
1419 3244 1564 3315 consilium,

402 3351 459 3411 nisi
473 3350 551 3425 quod
565 3350 733 3425 patientiam
748 3354 848 3412 suasit.
864 3353 952 3413 Venit
960 3350 1140 3411 amanuensis
1149 3350 1198 3411 ille
1209 3356 1238 3411 et
1246 3352 1311 3411 beri
1325 3357 1355 3410 et
1369 3352 1456 3412 hodie
1470 3350 1565 3424 scripta

403 3438 547 3517 adferens}
578 3455 722 3530 iocerne,
746 3458 800 3531 ait,
821 3452 880 3517 ilnx
895 3458 988 3517 venio.
1027 3457 1074 3518 Sic
1089 3458 1283 3531 germanicum
1305 3458 1413 3519 idioma
1427 3456 1566 3519 addiscunt

402 3562 489 3624 iberi.

491 3669 614 3729 Domine
630 3669 725 3743 Deus,
748 3685 897 3744 quousque
912 3670 958 3730 ira
973 3676 1024 3730 tna
1040 3669 1196 3731 desaeviet?
1218 3672 1264 3731 En
1279 3670 1400 3746 pertulit
1420 3665 1565 3729 Germania

402 3780 527 3849 pestem,
548 3774 652 3836 famem
675 3775 757 3849 panis
780 3780 810 3835 et
824 3776 950 3850 gladium
971 3776 1095 3836 hostium
1115 3782 1280 3837 exterorum
1295 3776 1476 3836 et'intestina
1490 3770 1562 3841 bella
1633 3854 1634 3861 ἵ

403 3895 457 3939 nec
470 3885 567 3940 tamen
581 3879 647 3939 finis
662 3887 716 3941 est.
739 3882 869 3941 Minatur
883 3882 994 3956 ereptio
1010 3882 1090 3941 verbi
1104 3883 1157 3941 tui.
1193 3881 1305 3942 Caetera
1315 3864 1317 3871 ¹
1327 3882 1425 3942 omnia
1436 3882 1513 3955 juste
1525 3889 1565 3935 ve·

402 3990 510 4045 nerunt
522 4002 610 4059 super
624 4002 676 4047 uos
695 3993 815 4062 propter
834 3989 944 4047 scelera
958 3992 1066 4047 nostra.
1110 3986 1134 4046 0
1150 3983 1271 4062 domine,
1289 3991 1318 4047 et
1331 3986 1386 4045 hoc
1400 3992 1564 4061 postremum

403 4070 518 4163 duoque
532 4090 622 4164 probe
636 4108 788 4153 meremur.
820 4094 928 4152 Verum
943 4091 1207 4155 misericordissime
1223 4092 1302 4168 deus,
1326 4099 1360 4153 ut
1373 4108 1427 4153 nos
1442 4090 1564 4165 indignos

402 4200 568 4272 peccatores
582 4194 712 4257 confusio
727 4196 811 4258 faciei
826 4205 856 4259 et
876 4200 972 4259 omnia
986 4200 1062 4259 mala
1077 4198 1194 4274 decent,
1215 4200 1257 4259 ita
1271 4198 1406 4259 mrouum
1420 4205 1501 4259 tunm
1512 4192 1563 4254 ior·

401 4301 505 4376 titudo,
529 4301 742 4377 magnificentia
757 4310 786 4364 et
800 4303 998 4365 misericordia
1013 4306 1104 4366 decet.
1140 4305 1299 4380 Propterea
1322 4322 1358 4364 ex
1372 4306 1429 4365 imo
1445 4308 1474 4363 te
1488 4314 1563 4375 roga·

392 4420 465 4467 -mns
479 4414 608 4483 pectora
622 4408 706 4468 aufer
720 4426 739 4469 a
753 4410 835 4469 nobis
850 4410 956 4470 malmn
970 4398 1029 4471 boo
1040 4417 1069 4471 et
1083 4426 1119 4469 ne
1135 4410 1185 4472 des
1204 4409 1281 4471 lame
1295 4412 1377 4472 uerbi
1394 4410 1448 4482 tui,
1470 4409 1501 4467 in
1515 4418 1564 4479 quo

332 4492 341 4504 ’
401 4510 464 4572 solo
483 4514 617 4591 uiuimus,
638 4530 690 4575 nos
715 4517 839 4575 enecari.
877 4516 923 4575 Ne
941 4518 1080 4592 respicias
1100 4523 1228 4577 nostram
1250 4534 1320 4591 erga
1334 4524 1412 4578 tuam
1426 4515 1562 4589 pietatem,
1631 4544 1632 4566 1

402 4630 421 4677 o
438 4616 518 4692 dens,
534 4620 779 4696 ingratitudinem,
796 4623 848 4682 sed
861 4624 1067 4684 misericordiae
1081 4630 1140 4684 tuse
1155 4624 1282 4697 antiquae
1297 4622 1450 4683 recordare
1465 4628 1563 4690 nosque

404 4720 510 4782 diutim
524 4724 611 4783 verbo
631 4732 682 4785 tuo
696 4743 814 4799 pascere
831 4727 968 4802 digneris.
998 4729 1084 4790 Mitte
1098 4735 1191 4805 pater,
1214 4730 1294 4788 mitte
1309 4728 1458 4803 operarios
1472 4722 1562 4784 fideles

403 4824 435 4881 iu
448 4840 569 4886 mosem
582 4834 661 4888 tuam
679 4836 708 4889 et
723 4848 862 4892 conserva
877 4839 907 4893 et
920 4830 1134 4910 conformans,
1157 4849 1229 4909 quos
1250 4833 1355 4897 dedisti
1376 4833 1468 4909 nobis,
1491 4826 1562 4888 noio
