3700 5692
723 674 963 743 1111111111.
1115 657 1122 669 ’
1376 688 1418 748 aa

361 834 453 901 Nunc
475 837 550 903 licet
571 840 623 903 sat
646 834 834 901 turbulento
855 854 909 901 res
931 835 1035 902 fluant
1056 838 1159 919 lapsu,
1182 844 1291 905 tannen

361 960 496 1022 magnus
519 942 646 1007 animus
668 946 755 1005 sorte
778 946 917 1023 utraque
940 941 1040 1007 maior
1064 943 1150 1009 baud
1172 944 1257 1025 sinit,
1280 964 1339 1011 suo

359 1047 528 1131 quicquam
552 1047 666 1113 bonori
689 1051 726 1111 ut
747 1047 840 1111 triste
864 1052 992 1128 tempus
1015 1047 1175 1129 gloriasse
1199 1050 1338 1132 deroget.

358 1151 480 1219 Crescit
503 1158 703 1235 augeturque
726 1151 833 1217 dando
855 1152 952 1233 plura
974 1153 1161 1236 liberalitas,

305 1274 345 1326 ros
356 1256 516 1339 deputans
539 1257 663 1324 lucrum
685 1256 747 1323 sibi
769 1274 850 1336 essa,
875 1257 961 1339 quod
984 1259 1094 1339 probis
1116 1260 1320 1342 impenditur.

358 1360 447 1440 Quae
470 1362 530 1428 tibi
552 1363 687 1444 patebat
709 1380 791 1427 1111
814 1362 980 1442 naviganti
1004 1380 1168 1446 prospera,

355 1467 492 1533 11111111
515 1486 601 1533 1111
623 1466 781 1547 indigenti
805 1464 915 1531 clausa
939 1485 1002 1531 non
1026 1469 1088 1533 erit
1111 1488 1231 1535 manus.

354 1569 427 1652 Ipse
451 1591 512 1653 ego
535 1571 583 1635 1111
605 1571 761 1637 vellicabo
784 1570 868 1635 lenis
890 1590 1013 1653 aurem,
1037 1579 1071 1638 et
1093 1577 1245 1657 temporis
1357 1569 1361 1581 ‘

355 1678 499 1743 anteacti
520 1696 558 1743 ac
580 1676 644 1741 iam
666 1674 796 1741 fluentis
820 1676 985 1742 concitabo
1009 1681 1203 1759 memoriam,

300 1800 342 1851 110
353 1783 467 1864 sicque
492 1782 613 1847 dicam:
636 1782 663 1847 0
687 1798 755 1861 rex,
779 1779 912 1847 dearum
935 1780 1026 1847 firma
1050 1802 1124 1865 spes
1146 1787 1385 1867 Parnassidum,

354 1886 453 1955 dulce
475 1887 622 1953 columen
647 1887 792 1952 eruditae
814 1888 921 1968 gentis
946 1894 978 1953 et
999 1870 1155 1957 summum
1180 1891 1291 1958 decus!

351 1991 419 2073 Ille,
447 2011 543 2076 quern
566 1982 725 2059 diuturna
742 1991 820 2059 iecit
841 1994 1009 2076 aegritudo
1031 1994 1229 2075 languidum,

352 2117 451 2182 quem
476 2098 546 2163 dies
568 2098 747 2182 longusque
768 2104 897 2165 vestrae
919 2099 1046 2180 patriae
1069 2102 1234 2183 impensus
1258 2102 1350 2169 labor

354 2223 445 2271 nunc
466 2203 602 2283 iuberet,
626 2208 662 2267 ut
684 2202 809 2267 solutus
832 2208 865 2267 et
886 2204 998 2284 procul
1022 2206 1156 2286 negotiis

301 2310 514 2393 nsrsliquum
537 2308 622 2373 vitae
644 2308 677 2372 in
700 2326 831 2374 recessu
853 2308 958 2388 degat,
983 2310 1134 2375 emeritus
1159 2329 1272 2390 senex;

353 2414 418 2495 iile,
446 2434 519 2481 cum
541 2431 577 2479 se
600 2414 680 2481 Sora
704 2418 831 2479 vestrae
853 2411 1004 2479 laudibus
1027 2416 1231 2495 praesentiae

355 2521 498 2599 tolleret,
524 2536 654 2585 consors
675 2518 806 2584 honoris
828 2515 915 2584 iacta
938 2523 1064 2583 tantum
1088 2540 1219 2587 cernere

354 2624 502 2705 incolam,
525 2629 688 2690 momenta
709 2625 868 2707 quaedam
892 2630 926 2689 et
947 2625 1182 2707 portiunculam
1206 2633 1281 2694 tuae
1377 2684 1380 2690 .

355 2731 464 2796 iussus
487 2728 682 2796 institutioni
702 2726 799 2809 ferre,
821 2734 935 2811 pectus
958 2730 1017 2797 boc
1039 2750 1138 2813 capax

302 2837 495 2906 rmomnium
518 2835 635 2901 artium
660 2834 793 2899 eruditis
815 2834 931 2901 imbuit
953 2836 1102 2901 scientiis.

355 2941 513 3025 Quicquid
534 2940 646 3004 intimo
669 2957 798 3005 recessu
821 2958 973 3005 numerus
996 2942 1105 3007 arcani
1130 2947 1228 3021 tenet,

357 3046 505 3131 quicquid
527 3049 585 3112 aut
606 3046 806 3125 Megarensis
830 3046 924 3111 heros
949 3052 1005 3113 aut
1028 3047 1215 3130 Syracosius
1240 3064 1339 3113 senex

361 3152 578 3233 prodiderunt,
602 3152 708 3217 babile
731 3157 764 3215 et
787 3152 880 3216 annis
903 3158 936 3216 et
959 3158 1013 3217 tuo
1039 3159 1147 3234 aptum
1172 3152 1331 3233 sanguini,
1392 3184 1398 3193 ,

356 3258 487 3338 praevio
509 3257 568 3322 buc
591 3256 724 3323 ductore
747 3257 800 3321 dia
823 3258 939 3323 mentis
963 3258 1098 3325 hausisti
1120 3260 1236 3325 indole.

305 3377 345 3430 125
354 3362 446 3429 Nunc
468 3363 524 3445 pia
546 3363 740 3445 memorique
763 3368 868 3429 tecum
892 3369 1009 3443 mente,
1033 3382 1098 3443 rex,
1124 3363 1304 3445 expendite,

356 3488 452 3552 quam
476 3466 662 3551 frequenter
686 3469 740 3534 ille
765 3474 871 3535 vestro
895 3475 971 3535 tunc
994 3466 1058 3534 irui
1081 3469 1239 3535 consortio

357 3593 420 3639 non
445 3580 582 3657 negatus
605 3579 700 3655 atque
722 3573 832 3640 herilis
855 3575 1018 3655 particeps
1042 3590 1181 3653 mensae,
1204 3572 1281 3669 iocis

356 3679 439 3743 serio
462 3697 611 3744 sermone
632 3678 739 3744 mixtis
760 3680 931 3761 prandium
956 3678 1140 3745 condiverit.

355 3780 501 3866 Cumque
522 3784 586 3848 iarn
610 3785 691 3851 Sora
713 3785 827 3850 relicta
849 3786 922 3850 dius
946 3785 1042 3850 ardor
1063 3785 1203 3866 pectoris

301 3888 487 3955 raudissitas
510 3888 585 3955 hinc
607 3891 693 3956 orbis
717 3909 791 3956 oras
815 3896 847 3955 te
868 3891 995 3957 iuberet
1019 3892 1131 3971 visere,

357 3992 472 4073 plenus
497 3992 614 4059 entheo
637 3993 745 4062 furore
769 3989 990 4063 talaverbum
1012 3996 1162 4079 protulit:

356 4095 403 4162 Ito
428 4095 515 4178 felix,
539 4098 683 4167 dominel
727 4102 799 4167 Non
823 4121 874 4167 me
897 4099 980 4169 fallit
1002 4102 1061 4169 boc
1084 4104 1298 4185 praesagium,

356 4203 455 4270 irritis
480 4221 539 4268 nec
562 4210 651 4270 certa
671 4204 810 4272 frontem
836 4206 938 4271 Parca
960 4207 1101 4288 signavit
1123 4208 1222 4274 notis:

355 4308 414 4375 hoc
435 4308 528 4391 prius
550 4342 595 4357 —-
616 4310 662 4377 sic
684 4309 753 4377 iata
773 4319 912 4393 poscunt
933 4348 976 4361 --
1000 4312 1112 4393 gravia
1126 4330 1295 4392 passurum
1313 4317 1417 4393 caput,

300 4428 343 4481 res
354 4414 462 4479 arduis
486 4414 546 4479 tibi
568 4414 610 4479 ad
633 4433 781 4479 coronam
804 4417 1064 4498 praeparandum
1087 4422 1138 4481 est
1160 4416 1297 4495 casibus,

356 4519 440 4599 quod
463 4519 539 4585 dein
562 4520 683 4585 maiore
706 4520 880 4602 splendens
904 4529 1016 4603 tanget
1039 4528 1126 4587 astra
1147 4520 1256 4601 gloria

355 4623 522 4709 Quamque
544 4644 632 4691 nunc
654 4626 766 4693 abiens
788 4626 929 4708 benigne
951 4627 1087 4707 porrigis
1111 4624 1185 4691 mibi
1208 4626 1381 4707 dexteram,

355 4728 494 4799 indicem
518 4736 707 4815 certumque
728 4732 846 4815 pignus
867 4732 1044 4815 pertinacia
1066 4730 1188 4813 gratiae
