3700 5692
773 702 924 763 Sum„

360 872 393 933 et
414 870 543 948 spretos
566 864 709 943 calcans.
724 863 878 931 Parnassi
901 862 1079 946 transfuga,
1101 864 1211 932 libros.

358 971 549 1054 Heroasque
570 970 658 1035 inter
680 969 827 1036 doctrina
849 975 882 1036 et
904 968 1001 1036 laude
1028 970 1171 1037 celebres

303 1074 505 1148 nasconsidet
526 1093 564 1140 ac
586 1072 691 1154 valgis
712 1072 765 1138 vix
786 1074 926 1157 imperat
949 1074 1015 1139 otia
1037 1073 1158 1155 plantis

357 1178 544 1262 praesultor
567 1178 740 1257 choragus3
764 1178 910 1245 dextram
933 1179 1035 1262 spado
1054 1180 1174 1247 claudit
1197 1181 1342 1263 anhelus,

355 1286 413 1370 qui
434 1284 548 1351 loculis
570 1301 705 1350 servans
728 1289 858 1351 exsecta
878 1286 1056 1365 crepundia
1080 1288 1211 1355 eburnis

356 1395 391 1456 et
416 1408 493 1456 voce
516 1395 549 1455 et
571 1387 653 1457 facie
675 1389 831 1457 iacturam
856 1390 965 1472 prodit
987 1389 1074 1456 anili.

355 1496 493 1562 Vestam
516 1494 549 1558 in
572 1512 750 1561 marmoreo
773 1494 935 1576 quondam
964 1513 1077 1561 curare
1093 1497 1224 1562 camino

299 1600 471 1670 eoodoctus
494 1603 528 1663 et
548 1597 690 1665 adrectis
713 1600 819 1678 ignem
843 1599 1039 1665 succendere
1062 1600 1159 1681 silvis,

357 1703 498 1771 Vulcani
520 1702 656 1783 genitor,
677 1702 812 1784 primam
835 1701 1021 1783 spectabilis
1044 1721 1156 1769 urnam

355 1809 501 1877 concutit
524 1827 562 1875 ac
583 1808 726 1891 reliquae
748 1807 957 1887 reprehendit
980 1812 1054 1873 vota
1077 1809 1259 1889 cathedrae,

354 1919 392 1982 et
415 1932 502 1979 nunc
523 1913 692 1994 municipis
714 1913 857 1979 rationes
879 1930 1000 1995 ponere
1024 1912 1119 1979 villae

354 2037 533 2089 oeconomo
555 2016 697 2097 mandat,
721 2035 807 2084 nunc
828 2015 1026 2098 pontificalia
1047 2019 1164 2085 lustrat

299 2124 502 2209 aospraedia,
525 2124 700 2189 distentam
721 2121 822 2189 fracto
847 2122 1039 2189 numismate
1061 2124 1186 2205 pellem,

356 2231 577 2313 hibernosque
598 2230 697 2295 boves
720 2227 867 2295 referens
889 2246 1091 2312 messemque
1113 2229 1251 2297 beatam.

357 2336 432 2416 Quo
457 2336 613 2401 tondente
634 2333 741 2414 gravis
763 2333 885 2400 conciri
907 2333 1009 2399 barba
1031 2336 1179 2414 sonabat,

355 2443 423 2507 iam
446 2457 586 2507 canonas
609 2438 721 2507 didicit
741 2457 896 2521 sacroque
920 2457 959 2504 ex
982 2437 1094 2505 ordine
1117 2440 1231 2507 tondet

356 2567 437 2614 rura
458 2566 519 2615 sua
541 2552 575 2613 et
593 2547 751 2628 proprios,
773 2546 952 2613 mercedem
976 2544 1102 2625 forficis,
1126 2562 1229 2629 agros.

299 2672 346 2724 ano
355 2653 420 2721 Sed
443 2671 486 2719 ne
507 2648 591 2716 forte
612 2658 718 2733 putes,
739 2652 841 2733 gratis
864 2650 944 2718 haec
965 2670 1101 2719 munera
1122 2650 1211 2735 posci

359 2762 415 2824 aut
439 2775 571 2839 segnem
593 2757 666 2823 duci
689 2759 787 2823 vitam
810 2775 1009 2840 vacuamque
1031 2756 1157 2823 labore:

360 2863 519 2929 maximus
541 2862 593 2929 bic
614 2861 707 2929 labor
730 2867 789 2941 est,
813 2868 942 2928 uncum
967 2880 1081 2929 curare
1105 2860 1252 2951 culinam,

362 2972 393 3033 et
414 2968 528 3035 bibere
550 2986 571 3031 a
593 2973 685 3033 sexta
705 2966 839 3050 praefixi
861 2968 971 3033 limitis
995 2967 1155 3047 haustum,
1342 2960 1346 2967 '

363 3092 453 3156 quem
477 3072 558 3137 ratis
581 3072 711 3138 advexit
731 3072 913 3154 peregrina,
938 3076 971 3139 et
992 3072 1100 3155 opinio
1126 3067 1270 3154 praefert
1372 3096 1378 3111 ·

315 3192 357 3246 alt
365 3177 542 3259 indigenae,
565 3195 760 3261 quamquam
782 3195 881 3259 puros
903 3197 924 3243 a
946 3177 1036 3245 faece
1058 3180 1196 3262 liquores

363 3302 398 3350 ae
419 3284 528 3349 minus
550 3283 682 3349 insanos
704 3284 846 3364 patrium
868 3284 1038 3365 despumet
1060 3282 1209 3348 ahenum.

362 3388 434 3455 Stat
456 3406 565 3454 comes
586 3388 660 3455 huic
681 3406 866 3471 praegnans
888 3392 1023 3457 ardenta
1045 3388 1153 3456 fidelia
1175 3387 1309 3467 Baccho,

361 3493 447 3578 quod
470 3492 678 3559 transmisisti
700 3511 856 3574 generoso
880 3514 898 3558 e
919 3495 1062 3576 palmite,
1087 3492 1208 3570 Rhene,
1232 3560 1240 3581 ι

362 3598 527 3680 poclorum
551 3617 608 3665 rex
631 3599 753 3679 Rhene,
775 3604 849 3666 tuas
871 3601 934 3665 nisi
958 3600 1108 3682 Sequana
1130 3596 1213 3663 vires
1259 3639 1270 3660 .
1394 3675 1397 3680 Ἰ

305 3719 350 3772 sao
361 3709 503 3785 enervet,
528 3712 660 3770 consors
682 3702 792 3771 furtivi
815 3702 921 3772 iactus
948 3704 1087 3771 honoris.

362 3810 451 3877 Haec
473 3809 561 3877 inter
585 3810 693 3876 studia
715 3811 834 3877 etiam
856 3814 979 3876 stratae
1001 3808 1127 3891 proelia
1150 3822 1281 3874 mensae

362 3914 486 3997 proelia
510 3920 684 3981 narrantur
707 3934 819 3996 regum
842 3915 1021 3997 caedesque
1045 3915 1203 3979 virorum:

363 4036 446 4101 quae
468 4016 568 4085 fuerit
590 4020 702 4087 victrix
723 4020 818 4099 acies,
842 4025 920 4101 quot
944 4019 1058 4085 Suecia
1079 4025 1203 4086 turmas

365 4122 488 4188 miserit
509 4123 543 4188 in
566 4142 695 4205 campos
717 4124 923 4204 Germanum,
948 4130 981 4190 et
1003 4122 1157 4208 quidquid
1181 4139 1297 4189 avarus

306 4243 380 4297 asse
401 4228 535 4311 proprio
556 4227 648 4295 finxit
669 4228 731 4295 sibi
755 4228 929 4311 bibliopola
952 4231 1092 4309 cerebro,
1128 4262 1131 4281 ι

366 4339 402 4397 ut
422 4332 520 4399 solita
541 4333 576 4397 iu
599 4339 710 4399 sancto
734 4332 853 4399 vendat
873 4334 1014 4400 ludibria
1034 4333 1162 4416 templo.

367 4437 540 4504 adduntur
562 4438 680 4519 passim
704 4444 866 4505 unarum
891 4440 1026 4507 obsonia
1048 4458 1155 4505 rerum

366 4546 485 4627 probra
507 4544 542 4611 in
565 4543 741 4624 coelicolas,
766 4545 907 4611 dirarum
931 4545 1082 4613 immania
1103 4544 1259 4625 plaustra,

368 4655 400 4715 et
421 4649 607 4716 servatricis
629 4655 784 4717 renovata
806 4648 940 4715 infamia
962 4649 1083 4728 mertia,

311 4753 482 4838 caudaque
505 4752 705 4836 blasphemis
728 4754 988 4822 recrudescentis
1010 4751 1130 4834 linguis
