3700 5692
952 716 1020 789 286

399 911 495 967 torum
510 911 541 967 et
554 906 663 981 impetn
678 903 880 966 exundationis
900 920 1042 980 aquarum
1061 905 1192 981 plaustra
1210 906 1322 981 aliquot
1338 906 1449 969 sssicum
1463 924 1517 983 per
1530 909 1577 971 de·

400 1028 475 1073 vexa
488 1013 628 1073 montium
641 1012 684 1072 ita
697 1013 728 1071 in
741 1010 840 1086 fruges
854 1009 1043 1071 flavescentes
1057 1018 1204 1087 congestu,
1223 1018 1256 1071 ut
1269 1010 1330 1073 iere
1343 1029 1427 1088 seges
1441 1020 1578 1090 coopertu

398 1119 558 1179 rideretur.
581 1102 655 1177 Item
669 1117 738 1178 alibi
750 1121 832 1177 tauta
842 1117 872 1177 vi
884 1133 1003 1177 menam
1014 1118 1044 1177 in
1055 1117 1151 1178 Salam
1165 1118 1275 1177 invexit
1287 1123 1321 1178 ut
1335 1116 1486 1180 subitaneo
1499 1126 1578 1180 motu

398 1226 492 1300 pisces
505 1226 587 1285 vivos
599 1223 632 1284 lu
646 1225 752 1282 siccum
773 1222 892 1282 eliceret
910 1238 946 1281 sc
959 1222 1060 1282 rustici
1074 1238 1136 1297 epus
1155 1223 1212 1284 loci
1233 1223 1325 1299 pisces
1344 1240 1433 1284 manu
1453 1224 1576 1301 prehen-

398 1329 513 1404 derent,
532 1325 676 1388 referente
695 1326 819 1388 Οιιὶιοιιο
833 1328 1056 1403 Eutneuberglo.
1232 1390 1236 1395 ,

486 1435 562 1494 Dum
576 1422 725 1494 Wrnsarim
738 1433 771 1491 iu
784 1429 852 1493 ar'ce
866 1433 962 1493 ducali
976 1435 1053 1493 inter
1067 1433 1209 1494 dominans
1224 1450 1338 1495 socrum
1352 1442 1383 1496 et
1397 1435 1579 1499 Gnutherum

398 1540 531 1602 comitem
545 1556 633 1616 super
649 1538 716 1599 dote
730 1538 892 1599 Anastasia
907 1540 1006 1599 uxoris
1021 1546 1128 1599 nostrae
1149 1545 1179 1599 st
1192 1539 1256 1600 aliis
1276 1555 1366 1601 causa
1379 1541 1578 1619 ventilaretur,

398 1660 549 1706 consessus
571 1645 684 1704 consilii
703 1645 770 1705 tulis
788 1643 852 1705 init.
890 1644 1004 1705 Primus
1026 1646 1204 1720 occupabant
1217 1645 1347 1706 loannes
1362 1644 1531 1707 Fhidericus
1551 1654 1580 1709 et

398 1754 526 1815 Joannes
545 1750 731 1825 wilhelmus,
754 1766 820 1809 nam
839 1750 943 1811 tertius
964 1750 1086 1811 fratrum
1107 1751 1200 1811 adhuc
1220 1752 1396 1813 minorenuis
1415 1758 1470 1813 est.
1510 1754 1580 1813 Post

397 1858 451 1920 hos
465 1856 632 1917 Beruardns
646 1873 666 1916 a
679 1854 769 1915 hillen
784 1871 873 1929 eques
888 1856 989 1916 domur
1003 1858 1129 1917 Vocatus
1141 1856 1242 1931 Brugh
1257 1858 1362 1934 senior,
1380 1858 1483 1919 doctor
1497 1860 1579 1921 Dait-

398 1963 483 2025 leben
504 1962 623 2035 nobilis,
649 1961 751 2023 doctor
771 1960 944 2036 Blichbard,
975 1961 1075 2021 Justus
1097 1978 1116 2022 a
1140 1962 1228 2037 Hayu
1250 1964 1440 2024 cancellarius
1462 1966 1578 2041 nobilis,

398 2066 532 2129 Wulifius
547 2084 566 2127 a
580 2065 689 2126 hiulich
703 2067 821 2141 nobilis,
837 2067 975 2141 magister
990 2066 1090 2126 domus
1106 2072 1136 2126 et
1146 2068 1292 2142 iuniorum
1312 2072 1476 2146 principum
1498 2073 1579 2146 quasi

397 2174 569 2237 informetur
589 2173 702 2234 nobilis.
748 2172 890 2247 Magister
911 2173 1083 2233 Franciscus
1106 2172 1287 2233 Burckhardi
1314 2176 1578 2252 vicecancellarius,

397 2282 541 2343 ilenricua
555 2279 674 2339 hinnich
687 2279 881 2339 mecumque
900 2284 931 2339 et
945 2284 1072 2354 quaestor
1091 2282 1211 2340 erarius
1233 2296 1398 2357 supremus,
1422 2283 1503 2357 quod
1518 2281 1580 2343 cifi-

397 2389 473 2449 cinm
487 2393 518 2449 et
531 2387 585 2449 sub
599 2386 713 2446 seniore
728 2386 852 2446 electore
865 2386 960 2447 tenuit
974 2387 1004 2445 et
1017 2386 1080 2459 ipse
1095 2383 1185 2445 nobili
1200 2387 1314 2460 genitus
1329 2390 1479 2463 prosapia.
1504 2389 1579 2449 Doc-

396 2499 445 2557 tor
458 2493 592 2554 Basilius.
614 2493 662 2552 Ex
675 2491 819 2553 tutoribus
833 2490 996 2551 summere
1006 2488 1147 2565 Georgius
1155 2492 1296 2551 Ernestus
1311 2479 1472 2555 avunculus
1488 2496 1579 2573 ipsius

398 2601 478 2661 solus
491 2596 595 2673 adluit,
616 2613 684 2657 uam
697 2596 848 2673 Philippus
862 2615 881 2656 a
894 2594 1039 2657 Mauslsld
1054 2612 1070 2657 e
1085 2598 1157 2659 vivis
1171 2601 1301 2658 excessit.
1342 2600 1548 2675 sigismundus
1562 2619 1579 2663 a

399 2705 531 2767 Holbach
545 2720 607 2780 prus
621 2702 702 2763 senio
716 2703 762 2763 bis
775 2719 848 2777 puer
859 2708 912 2764 est.
937 2702 1103 2763 Fridericus
1116 2703 1352 2779 aWaugeuheim
1361 2706 1489 2767 adversa
1502 2708 1579 2769 vule-

399 2811 501 2872 tudiue
514 2808 675 2871 laborabat.
702 2808 735 2876 A,
745 2808 871 2870 consiliis
884 2825 955 2871 vero
970 2813 1001 2869 et
1015 2808 1097 2868 verbi
1111 2807 1169 2869 dux
1183 2808 1324 2871 Melchioi
1340 2813 1377 2872 ab
1393 2812 1469 2873 Ossa
1484 2814 1579 2890 legum

400 2918 502 2978 doctor
520 2922 551 2977 at
566 2915 656 2991 judex
676 2916 786 2976 aulicus
808 2915 944 2975 Mauricii
967 2914 1048 2975 ducis
1067 2921 1098 2973 et
1116 2913 1215 2974 Gallus
1234 2916 1377 2977 Biretaeus
1398 2923 1496 2979 erant
1535 2921 1579 2980 Ex

400 3028 484 3101 parte
498 3021 639 3082 Guuheri
660 3021 882 3097 christophorus
904 3021 942 3081 ab
961 3020 1145 3093 Entuenberg
1166 3025 1299 3096 satrapas
1322 3021 1360 3082 ab
1382 3023 1531 3085 Arustadt
1552 3031 1580 3085 at

399 3128 501 3190 doctor
515 3127 706 3204 Beiuhsrdus,
722 3129 772 3203 qui
786 3144 888 3204 parum
903 3126 1005 3202 gratim
1020 3131 1049 3186 et
1063 3126 1158 3185 laudis
1174 3128 1335 3189 mentiendo
1352 3129 1400 3188 vel
1413 3132 1526 3207 potius,
1549 3135 1579 3189 ut

400 3234 520 3296 edoctus
534 3239 610 3309 erat,
632 3235 782 3295 mendacia
795 3232 948 3295 referendo
962 3232 1041 3308 apud
1055 3231 1199 3308 principes
1222 3238 1252 3293 et
1265 3235 1445 3295 consiliarios
1461 3236 1578 3299 ducales

399 3343 519 3404 meritus
533 3348 586 3403 est.

489 3446 569 3510 Nota
589 3449 625 3509 de
644 3448 722 3508 mille
741 3446 859 3509 florenis
879 3445 1030 3507 Guuthero
1050 3451 1148 3507 mutuo
1169 3446 1258 3522 datis,
1279 3452 1313 3506 nt
1332 3448 1439 3508 littere
1460 3449 1576 3509 demon·

400 3558 508 3627 suant,
528 3554 596 3614 licet
610 3555 711 3615 doctor
725 3554 845 3632 (inscius
859 3549 998 3626 arbitror)
1014 3553 1098 3629 hujus
1113 3551 1204 3612 debiti
1217 3551 1328 3613 inficias
1341 3553 1407 3613 iret

490 3660 653 3720 Invitaruut
678 3676 732 3721 uos
752 3659 874 3719 carolus
900 3656 996 3717 affinis
1018 3662 1117 3717 noster
1139 3664 1169 3718 st
1188 3658 1264 3719 idem
1284 3658 1372 3721 vidus
1390 3660 1422 3717 in
1441 3658 1577 3732 Rhemdt,

400 3765 470 3825 olim
484 3766 606 3827 Joanuis
619 3766 731 3826 comitis
745 3782 764 3826 a
778 3764 917 3825 Gleicheu
931 3778 1014 3824 uxor.

490 3871 601 3933 Eadem
622 3873 738 3933 domina
758 3889 857 3933 socrus
877 3871 1063 3931 Anastasiam
1084 3874 1113 3928 ct
1131 3870 1274 3931 Eubulum
1296 3872 1327 3931 iu
1347 3879 1577 3933 concamaratum

401 3980 463 4041 sive
482 3981 728 4041 conservatorinm
745 3978 927 4039 Rudelstadii
946 3975 1118 4051 introduxit,
1142 3976 1192 4036 uhi
1211 3976 1341 4037 Eubulus
1357 3978 1457 4051 jassus
1480 3954 1527 4039 est
1545 3994 1577 4037 er

401 4085 562 4146 inventario
577 4084 608 4143 in
621 4084 795 4145 membranis
809 4084 972 4159 conscripto
986 4099 1023 4142 ex
1035 4082 1135 4143 ordine
1150 4082 1258 4158 legere,
1274 4098 1338 4156 quae
1350 4098 1422 4143 vasa
1437 4084 1577 4144 deaurata

402 4197 435 4251 et
446 4194 585 4267 argentea
597 4190 704 4251 ibidem
721 4190 752 4249 iu
766 4190 987 4251 conservatoriis
1006 4193 1233 4249 asservarentur.
1271 4188 1314 4249 Ac
1330 4190 1445 4265 singula
1459 4194 1493 4249 ut
1508 4189 1578 4249 reci·

402 4297 541 4358 labantur
554 4298 671 4357 iuventa
690 4301 767 4355 sunt.
804 4294 893 4355 Dedit
906 4300 1003 4355 autem
1022 4310 1120 4355 scoram
1136 4309 1171 4353 es
1192 4310 1227 4354 eo
1241 4294 1450 4371 reconditorio,
1474 4298 1505 4355 in
1521 4311 1576 4369 quo

402 4404 533 4481 supellex
553 4409 692 4479 argentea
711 4403 768 4477 ipsi
787 4402 882 4462 socrui
895 4400 942 4459 vel
957 4400 1033 4461 douo
1051 4400 1134 4475 datm
1154 4399 1202 4460 vel
1216 4416 1252 4458 ex
1267 4400 1385 4476 proprio
1399 4405 1467 4475 post
1480 4400 1577 4459 mariti

403 4508 513 4571 obitum
534 4506 672 4584 condam,
695 4511 773 4582 erat,
804 4506 965 4567 Anastasius
983 4507 1088 4567 ciatum
1108 4506 1180 4580 justi
1199 4503 1334 4579 ponderis
1356 4505 1452 4565 medio
1473 4506 1578 4566 violam

402 4614 546 4677 referente
560 4632 595 4676 ac
609 4615 787 4676 deamatum.
817 4615 932 4675 Eubnlo
947 4628 1015 4673 vero
1031 4611 1202 4671 cantharum
1222 4616 1391 4685 argenteum
1406 4616 1577 4686 exurgente

402 4738 478 4796 puro
498 4720 648 4781 adinstar
668 4720 795 4781 fimbrias
809 4720 879 4795 ligni
899 4719 1070 4779 deauratum
1089 4732 1163 4794 pene
1183 4717 1412 4791 sesquiquartam
1426 4722 1459 4777 ut
1472 4721 1578 4777 vocant

403 4822 505 4898 liquidi
525 4838 668 4900 capacem.
703 4826 807 4889 Vestes
829 4817 943 4900 quomo
963 4822 1092 4884 Aemilia
1114 4822 1152 4883 ad
1170 4824 1286 4901 nuptias
1308 4829 1428 4901 paratus
1444 4822 1576 4884 vidimus.
