3700 5692
845 735 909 803 tls

376 915 543 992 Aprandio
561 918 640 977 inter
661 917 832 981 famulitium
855 934 920 978 cnm
939 922 1072 997 episcopo
1092 920 1122 980 in
1142 939 1192 981 rns
1214 921 1460 996 obequitabamus,

286 1021 336 1082 sed
358 1022 433 1082 nibil
455 1038 518 1082 cum
541 1027 577 1086 eo
598 1022 636 1083 de
657 1025 703 1083 bis
723 1025 823 1101 rebus,
848 1027 944 1085 nesdo
968 1042 1025 1100 qno
1045 1028 1128 1101 genio
1154 1034 1348 1102 repugnante,
1372 1028 1460 1087 locuti

286 1142 397 1187 sumna
1458 1137 1460 1147 '

361 1232 489 1296 Eodem
503 1233 534 1291 in
548 1233 612 1293 loco
626 1234 752 1322 quodam
765 1236 937 1311 paludinoso
957 1240 995 1300 ad
1014 1256 1094 1299 oram
1109 1240 1180 1312 Lyci
1195 1237 1317 1298 fluminis
1332 1240 1460 1299 Joanncs

285 1354 304 1397 a
319 1337 484 1398 Scbonstad
498 1342 529 1397 et
543 1354 597 1413 ego
610 1336 673 1399 iere
687 1341 827 1402 submersi
842 1360 965 1423 mamus,
981 1348 1036 1406 nisi
1051 1362 1103 1407 nos
1118 1346 1274 1422 propitium
1289 1344 1344 1405 Dei
1355 1361 1460 1405 numen

286 1443 346 1520 (cui
360 1445 425 1503 lans
440 1449 471 1503 ct-
485 1446 643 1517 gratiarum
657 1443 746 1521 actio)
764 1458 917 1511 servasset.
1124 1515 1128 1520 ,
1358 1428 1361 1433 Δ

375 1548 552 1611 Volebamus
566 1550 708 1613 loannem
722 1554 802 1615 illum
813 1556 950 1617 Noricum
964 1560 1127 1633 convenire,
1144 1576 1243 1620 verum
1257 1560 1282 1618 is
1297 1559 1360 1618 aliis
1375 1572 1457 1616 occu·

285 1662 371 1730 patus
386 1662 460 1717 erat.
1266 1718 1269 1725 .

374 1763 487 1823 Eadem
508 1763 674 1825 Hermanno
699 1767 796 1826 Nellio
820 1766 999 1845 herbarium,
1028 1772 1097 1829 item
1119 1769 1224 1829 librum
1249 1766 1410 1829 Bibliondri
1430 1772 1460 1826 et

284 1866 446 1945 Bullingeri
467 1886 521 1943 per
542 1871 675 1930 nuncium
695 1889 713 1932 a
737 1873 907 1949 baumburg
924 1876 1144 1935 transmisimus.
1183 1875 1310 1935 Joannes
1332 1888 1458 1933 comesa

285 1974 416 2048 ltetberg
431 1972 578 2035 nobiscnm
592 1983 724 2037 coenatus
738 1983 791 2037 est.
1308 1987 1311 1995 *

375 2080 403 2153 vj
420 2079 499 2139 Junii
516 2082 668 2156 intemplo
683 2084 829 2164 Minornm
845 2086 1031 2145 concionator
1045 2084 1161 2158 quidam
1177 2099 1335 2143 sermonem
1350 2084 1457 2159 populo

284 2184 354 2245 iecit
368 2202 405 2245 ex
422 2190 440 2245 2
457 2204 519 2261 cap.
535 2188 639 2248 Joann.
655 2190 779 2264 apostoli
795 2189 923 2263 epistolae
943 2195 969 2250 1.
998 2190 1114 2251 »Filioli
1129 2192 1199 2263 mei,
1220 2188 1283 2247 haee
1297 2190 1391 2249 scribo
1405 2206 1455 2249 vo-

283 2292 338 2367 bis,
355 2308 392 2353 ne
406 2294 539 2368 peccetis,
557 2300 587 2353 ct
600 2297 624 2353 si
641 2296 706 2369 quis
721 2297 890 2371 peccaverit,
907 2296 1077 2357 advocatum
1092 2297 1228 2356 habemus
1242 2296 1320 2371 apud
1335 2300 1456 2369 patrem,

283 2397 384 2457 Jesum
401 2398 545 2458 christum
557 2400 678 2475 iustum,
693 2402 799 2475 etipse
813 2403 1108 2477 estpropitiatiopro
1123 2402 1247 2477 peccatis
1267 2402 1383 2475 nostds,
1398 2414 1456 2459 non

284 2519 338 2577 pro
353 2505 459 2563 normis
475 2509 571 2564 autem
586 2510 710 2581 tanturn,
735 2506 786 2566 sed
805 2508 891 2567 etiam
905 2524 959 2581 pro
974 2509 1062 2568 totius
1076 2508 1184 2567 muudi.
1213 2508 1253 2567 Et
1268 2524 1320 2581 per
1334 2508 1389 2565 boc
1404 2508 1457 2565 sci·

284 2624 358 2685 mus,
376 2609 454 2684 qnod
468 2612 650 2684 cognovimus
665 2627 739 2686 eum,
755 2612 874 2686 sijnssa
887 2614 1185 2675 illiusobseruamus«
1203 2612 1259 2671 Hic
1273 2614 1459 2673 concionator

284 2713 396 2789 docuit,
413 2716 483 2789 qnid
498 2714 525 2774 d.
542 2716 669 2777 Joanncs
682 2719 804 2793 singulis
819 2720 973 2793 scripserit.
1012 2722 1065 2780 His
1079 2726 1175 2779 antem
1191 2718 1285 2777 verbis
1299 2719 1380 2777 illum
1395 2734 1454 2777 om·-

281 2814 334 2880 nes
350 2821 521 2881 christianos
541 2823 648 2897 alloqui
672 2825 727 2898 ait,
746 2824 850 2897 jubens
869 2843 922 2885 nos
943 2828 1099 2901 apeccatis
1114 2842 1224 2887 cavere.
1264 2825 1456 2898 Posteaquam

282 2932 380 2986 autem
395 2927 436 2999 id,
451 2929 589 3001 quamdin
609 2946 725 2988 earnem
745 2923 775 2990 et
794 2934 962 3006 sangninem
987 2934 1017 2991 in
1031 2933 1086 2992 boc
1100 2930 1205 2991 mundo
1221 2929 1454 3006 circumferimus,

282 3030 348 3091 fieri
362 3034 475 3108 nequit,
502 3017 571 3107 quii
591 3034 697 3094 alicubi
716 3053 880 3113 peccemus,
905 3040 960 3097 boc
979 3038 1006 3097 d·.
1030 3040 1157 3099 loannes
1177 3038 1296 3097 remedii
1319 3036 1454 3111 ostendit,

281 3140 393 3198 scilicet
407 3139 485 3213 quod
499 3140 655 3202 habeamus
671 3142 749 3216 apud
755 3142 848 3200 Deum
862 3142 1031 3201 advocatum
1047 3144 1169 3216 unicum,
1185 3159 1242 3201 non
1257 3142 1326 3201 dicit
1340 3143 1454 3217 multos,

282 3249 312 3303 et
327 3260 364 3304 ex
377 3244 433 3303 hoc
447 3246 510 3305 loco
526 3248 710 3307 concionator
724 3248 773 3306 ille
788 3264 854 3322 eos,
880 3249 929 3321 qui
952 3246 1024 3306 alios
1044 3252 1095 3306 aut
1114 3248 1211 3321 plures
1232 3247 1385 3307 advocatos
1401 3249 1453 3305 im·

281 3350 401 3426 plorant
430 3356 481 3411 aut
504 3351 698 3425 implorandos
722 3356 840 3426 putent,
870 3351 1050 3412 seuerissime
1076 3352 1248 3426 corripiebat
1275 3350 1454 3411 evidentibus

281 3458 437 3531 scriptnrae
451 3456 631 3515 testimoniis.
655 3458 752 3532 Hunc,
771 3458 806 3517 de
822 3475 878 3531 quo
893 3458 940 3517 bic
954 3458 973 3517 J
975 3473 1081 3517 oannes
1096 3458 1236 3531 loquitur,
1262 3457 1377 3515 unicum
1391 3472 1454 3515 esse

281 3561 473 3621 mediatorem
488 3564 564 3621 inter
578 3562 671 3621 Deum
686 3568 717 3622 et
730 3563 858 3623 homines
873 3570 928 3623 etc.
967 3563 1006 3621 Et
1021 3580 1058 3623 ne
1073 3562 1136 3636 quis
1152 3562 1207 3621 sibi
1223 3562 1258 3621 de
1273 3562 1330 3621 alio
1345 3561 1452 3621 media·

281 3672 346 3726 tore
361 3668 498 3742 somniet,
520 3666 647 3726 Joannes
663 3669 839 3742 evangelista
854 3675 884 3728 et
906 3668 1054 3743 apostolus
1070 3684 1134 3727 enm
1149 3684 1185 3727 ex
1198 3669 1312 3727 nomine
1327 3672 1410 3727 vocat
1425 3672 1455 3726 et

281 3756 419 3845 exprimit
432 3772 530 3832 Jesnm
539 3771 682 3832 Christum
694 3774 813 3847 justum.
837 3774 910 3834 item
923 3773 1037 3835 dicebat
1050 3774 1130 3833 verbi
1139 3773 1194 3831 Dei
1205 3772 1364 3833 ministrum
1378 3772 1453 3832 bono

281 3894 433 3938 camnomo
448 3879 568 3937 similem
583 3895 646 3938 esse
661 3885 795 3952 oportere
812 3879 875 3956 (aut
888 3884 921 3937 nt
935 3895 987 3937 suo
1007 3883 1072 3936 utar
1088 3876 1196 3954 verbis)
1213 3880 1305 3938 einum
1320 3877 1452 3954 Spietall·

280 3984 411 4043 meister.
432 3984 464 4041 ls
480 3985 554 4042 enim
569 4000 686 4043 necesse
701 3984 801 4059 habet,
827 4001 864 4043 ne
885 3985 1001 4058 agnetis
1016 3984 1130 4043 eosdem
1153 4000 1225 4057 quos
1241 3984 1399 4045 valentibus
1414 3985 1452 4043 ci·
1558 4022 1559 4027 .

281 4090 336 4149 bos
350 4104 496 4161 apponere
511 4094 655 4164 procuret,
686 4092 743 4149 alia
758 4098 870 4163 qnoque
884 4088 994 4149 fercula
1008 4087 1172 4165 infantibus,
1189 4092 1248 4151 alia
1261 4091 1366 4150 adultis
1381 4104 1454 4164 pruc-

280 4194 341 4254 bet.
382 4196 428 4254 lta
450 4196 629 4253 ecclesiastes
649 4194 833 4255 refricatione
856 4196 928 4269 legis
951 4200 1060 4255 montes
1076 4198 1251 4269 peccantium
1267 4193 1410 4254 remordet
1425 4200 1455 4252 et

281 4299 485 4375 poenitentiam
506 4299 643 4374 inculcat,
664 4300 783 4359 infirmis
804 4301 850 4361 lae
863 4300 1008 4375 praeponit
1028 4307 1058 4360 et
1073 4301 1253 4375 evangelium
1266 4300 1364 4358 laetum
1380 4314 1452 4357 nnn·

282 4406 357 4464 cium
372 4405 521 4478 praedicat,
547 4406 622 4464 sicut
645 4405 774 4465 Gliristns
794 4406 1036 4479 pseudodoctores
1055 4403 1132 4464 ferres
1148 4410 1178 4464 et
1190 4406 1318 4464 latrones
1333 4403 1452 4477 appelli·

280 4514 335 4583 tat,
352 4514 383 4569 et
396 4510 545 4584 prophetae
560 4512 627 4571 olim
641 4512 834 4584 asperioribus
848 4510 945 4571 verbis
958 4512 989 4569 in
1004 4511 1105 4583 impios
1119 4510 1225 4569 invecti
1240 4514 1315 4568 sunt.
1354 4508 1452 4568 Poeni-

281 4615 383 4673 tendas
397 4616 474 4673 enim
498 4615 627 4677 doctrina
649 4617 758 4675 laetitiae
774 4617 914 4689 evangelii
929 4630 1041 4675 annexa
1056 4619 1116 4687 est,
1140 4614 1219 4687 quod
1234 4619 1263 4673 et
1279 4614 1408 4673 Christus
1423 4614 1453 4673 in

281 4720 422 4792 parabola
437 4721 473 4779 de
484 4736 532 4795 eo,
550 4722 598 4793 qui
613 4723 643 4779 in
658 4713 784 4780 latrones
799 4722 948 4796 inciderat,
971 4722 1015 4778 cui
1030 4719 1222 4794 pandocbaens
1238 4720 1333 4778 vinnm
1350 4725 1379 4779 et
1393 4718 1451 4777 ole-

281 4841 331 4883 um
344 4825 376 4885 in
398 4824 518 4885 udnera
538 4824 657 4901 inludit,
684 4825 789 4886 docuit.
841 4819 939 4885 Primo
954 4826 1028 4887 enim
1043 4825 1139 4884 vinum
1155 4825 1324 4899 mordacius,
1340 4824 1395 4885 hoc
1410 4828 1454 4883 est
