3700 5692
975 716 1021 782 46

413 905 444 960 et
457 915 527 974 erpa
539 911 617 958 suos,
647 896 711 956 Pax
726 893 832 956 coristi
846 901 891 956 est
903 911 963 970 pax
977 896 1015 957 ud
1028 895 1123 956 Deum
1137 901 1167 956 et
1180 911 1239 971 pax
1253 893 1489 958 conscientiarum
1502 909 1571 956 uera

412 993 520 1064 latitia
538 1003 569 1062 in
583 1000 707 1062 Christo.
745 1001 837 1075 Quam
858 1002 949 1075 igitur
967 1017 1031 1061 cum
1053 1001 1198 1076 discipulis
1219 1003 1315 1063 tenuit
1333 987 1443 1076 pacem,
1464 1001 1572 1060 laneat

412 1109 469 1168 iliis
484 1108 563 1168 dedit
576 1112 607 1167 et
619 1108 745 1182 reliquit,
760 1107 813 1167 sed
827 1107 886 1166 auis
899 1111 1023 1180 tautum,
1047 1109 1082 1165 ut
1095 1111 1125 1166 et
1138 1107 1169 1166 in
1183 1121 1267 1166 eruce
1290 1113 1321 1166 et
1333 1109 1365 1167 in
1377 1111 1471 1166 marte
1482 1120 1572 1180 pacem

413 1215 476 1287 ejus
490 1218 520 1272 et
534 1227 598 1272 cum
612 1213 675 1286 ipso
689 1212 843 1272 retineant.
866 1212 930 1271 Pax
944 1209 1043 1270 mundi
1057 1209 1409 1286 quantumcunquetirms,
1420 1213 1572 1270 inconstans

413 1323 466 1394 est,
481 1322 511 1378 et
525 1334 584 1378 nen
598 1318 655 1376 nisi
669 1315 708 1376 ad
721 1317 895 1389 impietatem
909 1315 1004 1375 datur.
1027 1315 1176 1376 Praeterea
1189 1331 1273 1376 nemo
1287 1331 1389 1391 pacem
1404 1315 1475 1376 dare
1487 1319 1573 1389 potest

412 1429 520 1498 prater
540 1438 629 1481 unum
643 1420 738 1481 Deum
757 1425 871 1496 patrem
891 1425 920 1480 et
934 1417 1025 1480 filium
1045 1421 1108 1495 ejus
1122 1420 1222 1482 lesum
1237 1419 1391 1483 Christum
1429 1421 1574 1482 Recensuit

412 1528 507 1588 obiter
520 1525 619 1586 mundi
632 1524 777 1585 turbidam
795 1541 897 1598 paoem
919 1531 951 1585 et
964 1525 1199 1600 ingratitudinem
1219 1541 1289 1601 erga
1302 1527 1394 1587 bonos
1409 1506 1486 1586 viros
1501 1526 1534 1586 de
1546 1541 1573 1584 se

413 1633 521 1708 optime
535 1631 663 1690 meritos.
685 1631 760 1690 Essa
773 1631 889 1703 quidem
902 1633 952 1705 qui
966 1632 997 1690 in
1006 1632 1151 1692 heremum
1168 1635 1198 1692 et
1206 1631 1337 1692 coenobia
1350 1631 1505 1706 confugere
1517 1645 1573 1705 pos-

413 1737 484 1811 sint,
504 1738 554 1810 qui
568 1739 665 1794 autem
678 1735 814 1794 mundum
828 1740 858 1794 et
871 1751 904 1794 se
917 1737 996 1810 ipsos
1009 1717 1173 1812 relinquere
1187 1743 1309 1812 queant,
1325 1752 1489 1812 perpacem
1501 1751 1574 1810 repe

412 1843 475 1902 riri.
504 1841 587 1901 Hane
601 1841 691 1915 igitur
704 1855 804 1916 pacem
819 1839 927 1901 dirimi
946 1857 999 1902 nos
1014 1845 1044 1902 et
1059 1846 1194 1918 expetere
1205 1842 1293 1917 jussit
1306 1846 1338 1902 et
1350 1842 1473 1904 eandem
1486 1855 1574 1916 pacem

413 1949 544 2010 omnibus
559 1952 691 2021 precatus
706 1952 759 2006 eat.

501 2054 627 2126 Eadem,
648 2052 717 2113 dum
730 2051 813 2130 pueri
826 2053 858 2110 in
871 2052 1002 2112 codiculo
1020 2057 1089 2112 anta
1103 2051 1180 2112 aedes
1195 2051 1316 2126 hospitis
1331 2052 1426 2112 nostri
1441 2056 1471 2110 et
1483 2049 1574 2110 ludunt

413 2164 444 2219 et
457 2159 605 2233 cursitant,
620 2157 778 2218 infantulus
792 2157 909 2232 quidam
923 2173 940 2217 e
955 2173 1037 2219 muro
1052 2155 1090 2220 ad
1103 2155 1268 2218 inferiorem
1281 2157 1409 2230 plateam
1424 2156 1535 2230 decidit,
1550 2158 1574 2213 et

413 2262 562 2324 brachium
581 2267 611 2322 et
625 2267 711 2338 caput
726 2263 836 2322 marm.

500 2368 625 2429 Domine
638 2367 732 2442 Deus,
752 2364 829 2426 iilius
842 2371 910 2427 tuus
930 2367 1131 2428 dilectisdmus
1149 2367 1187 2428 ad
1200 2375 1230 2430 te
1245 2385 1282 2429 ex
1296 2367 1351 2428 hcc
1364 2367 1473 2427 munda
1487 2381 1575 2427 ascum

413 2474 484 2534 dens
498 2473 537 2534 ad
546 2489 613 2533 suos
623 2474 676 2534 ait:
692 2472 799 2532 Pacem
811 2471 945 2545 relinque
958 2469 1049 2546 uobis,
1065 2487 1165 2547 paoem
1177 2488 1271 2534 meam
1283 2473 1321 2534 do
1333 2473 1426 2549 roim,
1442 2486 1498 2534 nen
1512 2473 1575 2530 sieut

412 2579 536 2638 mundos
551 2595 615 2638 eam
629 2578 687 2654 dat,
711 2593 766 2652 epo
780 2576 818 2636 do
832 2577 923 2637 vebia.
954 2577 1025 2636 Haec
1039 2579 1127 2653 igitur
1140 2577 1230 2640 uerba
1244 2575 1297 2638 ilii
1310 2579 1354 2639 tui
1369 2577 1575 2639 admemoriam
1642 2633 1643 2644 ,

412 2688 581 2744 reuocantes
603 2684 760 2757 piissimam
783 2681 986 2756 paternitatem
1012 2689 1091 2744 tuam
1119 2683 1288 2759 suppliciter
1312 2695 1465 2758 rogamus,
1488 2695 1575 2758 paoem

412 2792 500 2862 tuam
512 2803 598 2861 quam
608 2802 661 2862 per
670 2785 899 2848 incredulitatem
911 2793 942 2847 et
954 2789 1133 2862 iniquitatem
1141 2789 1208 2848 ritae
1221 2788 1375 2863 amisimus,
1391 2789 1475 2851 nobis
1483 2784 1574 2846 redde!

413 2892 541 2955 Verbum
554 2897 635 2953 tuum
648 2892 731 2953 nebia
746 2892 885 2967 obtulisti,
901 2895 948 2952 eui
962 2910 1059 2955 omnes
1071 2895 1235 2955 restitimus
1258 2893 1333 2954 Nam
1341 2910 1411 2967 pars
1424 2893 1498 2952 hauc
1510 2891 1575 2951 salu·
1642 2869 1643 2886 ¹

412 3003 471 3059 tem
493 3005 620 3060 noemam
641 2999 828 3075 pertinaciter
850 3000 1031 3076 repellimus,
1060 2999 1190 3059 nonnulli
1211 3015 1281 3059 vera
1303 3016 1340 3060 ex
1360 3000 1445 3060 nobis
1468 2996 1575 3058 rubum

413 3109 494 3164 tuum
509 3119 544 3163 ex
557 3106 615 3164 ima
629 3110 745 3180 pectore
760 3105 958 3178 amplectimur
977 3108 1008 3164 et
1025 3109 1055 3164 te
1070 3101 1247 3164 confitemur.
1286 3103 1363 3162 Dum
1378 3106 1468 3180 igitur
1481 3102 1538 3162 sine
1548 3106 1574 3158 tc

414 3205 495 3267 nulla
508 3209 590 3268 nobis
604 3225 675 3269 uera
687 3210 735 3271 uel
747 3211 863 3284 requies
880 3210 927 3269 vel
941 3227 999 3285 pax
1013 3208 1173 3284 confingat,
1198 3224 1250 3268 nee
1265 3209 1304 3268 sit
1317 3207 1400 3284 alius,
1425 3210 1574 3284 quiveram

413 3328 516 3388 pacem
534 3314 604 3374 dare
623 3320 724 3390 queat,
746 3315 943 3389 redintegrato
964 3316 995 3374 in
1015 3314 1131 3375 domino
1151 3318 1251 3375 nostro
1265 3314 1337 3374 lesu
1351 3311 1468 3374 chrum
1486 3325 1574 3387 pacem
1642 3387 1643 3390 Ἴ

413 3417 569 3494 nobiseum,
585 3436 670 3494 qnam
683 3421 806 3480 mundos
821 3411 890 3480 dare
905 3435 964 3480 non
978 3425 1084 3496 potest,
1098 3425 1131 3480 ut
1146 3421 1184 3480 sit
1196 3435 1255 3494 pax
1269 3420 1454 3480 conadautiis
1468 3415 1572 3485 ommis,

414 3538 473 3598 quo
486 3529 518 3586 et·
529 3529 560 3584 te
573 3541 610 3584 ex
623 3530 685 3585 tota
700 3525 787 3586 corde
801 3541 899 3586 amare
919 3530 949 3585 et
966 3540 1066 3600 pacem
1085 3541 1149 3585 eum
1162 3525 1294 3600 proximo
1307 3526 1415 3587 habere
1429 3525 1572 3592 valeamus,
1642 3505 1643 3560 ἒ

414 3628 461 3687 cni
481 3644 545 3688 eum
566 3628 627 3691 filio
645 3634 675 3690 et
687 3631 792 3706 spiritu
813 3636 912 3690 sancto
935 3631 1028 3690 omnis
1047 3635 1191 3706 potestas,
1213 3630 1364 3706 imperium
1386 3637 1417 3692 et
1437 3631 1525 3690 honos
1541 3625 1573 3684 ait
1642 3631 1643 3686 J

414 3750 491 3793 nuuc
505 3739 534 3794 et
547 3735 578 3793 in
592 3737 768 3811 sempiterna
781 3735 887 3796 secula.
910 3734 1011 3795 Amen.
1383 3781 1386 3788 f

502 3839 611 3899 illtinra
624 3838 733 3914 Aprilis
746 3842 777 3899 in
790 3841 898 3916 templo
912 3839 1056 3899 Minorum
1071 3840 1149 3900 intra
1164 3842 1293 3913 quintam
1307 3846 1336 3900 et
1351 3846 1483 3914 qummm
1495 3837 1572 3897 horas
1642 3865 1643 3870 κ

413 3941 442 4002 d.
465 3941 649 4003 Leonardum
675 3961 711 4003 er
735 3933 830 4020 eapite
856 3946 933 4020 xxvij
956 3943 1088 4004 Matthaei
1110 3945 1346 4006 sermocinantem
1366 3944 1522 4006 audirimus
1540 3939 1571 3998 dc

414 4045 510 4107 verbis
523 4047 736 4108 Pharisaeorum
755 4049 794 4109 ad
813 4050 939 4111 Pilatum
961 4049 998 4110 ob
1018 4049 1176 4110 custodiam
1196 4049 1341 4125 sepulchri
1362 4050 1509 4122 dominici,
1528 4043 1571 4103 ubi

384 4188 387 4195 -
413 4153 490 4213 inter
502 4154 615 4227 reliqua
629 4153 684 4228 ait,
699 4169 757 4212 non
772 4153 878 4215 debere
892 4155 975 4215 nobis
989 4155 1093 4214 mirum
1106 4154 1210 4231 rideri,
1227 4157 1252 4216 si
1267 4153 1303 4215 da
1317 4155 1400 4216 notis
1415 4171 1471 4214 non
1485 4148 1570 4214 omma

413 4273 467 4334 pro
482 4264 567 4334 mque
585 4264 616 4319 et
628 4245 733 4318 decoro
755 4257 835 4336 (lieet
848 4257 999 4335 inculpati)
1022 4260 1126 4320 alicubi
1148 4276 1292 4337 essemus,
1315 4261 1492 4333 dicerentur,
1513 4268 1568 4314 cum
1642 4301 1643 4310 η

412 4364 475 4424 haee
491 4363 605 4426 domiuo
620 4350 790 4439 acciderint,
806 4370 837 4424 et
850 4365 1062 4424 meminerimus
1077 4383 1143 4442 nos,
1165 4369 1215 4441 qui
1230 4365 1337 4428 Christi
1350 4366 1463 4426 nomine
1476 4359 1569 4438 glemu

412 4485 487 4542 mur,
502 4469 656 4545 discipulos
671 4485 748 4543 ease,
764 4473 795 4528 et
809 4469 887 4541 quod
902 4469 1057 4546 discipulus
1071 4487 1129 4530 non
1143 4488 1230 4546 supra
1244 4473 1419 4548 maganum,
1429 4469 1479 4530 cui
1491 4465 1567 4526 mam

412 4578 607 4648 postmortem
616 4576 764 4636 mendacia
778 4577 930 4651 mtentant
946 4577 1062 4651 planum
1077 4593 1142 4636 eom
1156 4581 1186 4637 et
1199 4577 1378 4639 seductorem
1391 4573 1566 4635 nominarem.

413 4677 486 4735 Itam
507 4677 543 4736 de
564 4681 712 4739 commisso
727 4679 830 4754 Pilati,
853 4681 918 4755 qui,
941 4682 1055 4740 tamemi
1073 4683 1265 4742 innocentiam
1286 4682 1391 4742 Christi
1407 4679 1492 4754 probe
1509 4685 1565 4747 ptr·

414 4785 540 4853 epactam
550 4781 684 4842 habuerit
694 4790 724 4845 et
736 4784 873 4846 inuidiam
882 4801 980 4846 eorum
994 4785 1182 4864 subcleuerit,
1196 4788 1254 4850 imo
1266 4803 1299 4848 re
1313 4789 1376 4864 ipsa
1389 4781 1562 4859 cupam,
