3700 5692
979 719 1023 790 Μ

417 911 502 970 de‘eo
516 916 685 981 metuamus,
702 908 753 968 sed
768 910 911 970 constanti
925 906 983 968 lide
997 909 1028 966 in
1040 905 1153 966 Christo
1168 905 1289 966 diabolo
1298 905 1469 966 rmistamns.
1496 905 1569 980 lton,

416 1017 452 1077 de
467 1032 512 1088 eo,
527 1017 605 1090 quod
620 1014 750 1076 Christus
764 1015 889 1075 dixerat:
908 1013 987 1074 »Sed
999 1019 1034 1072 ut
1046 1013 1169 1074 mundus
1184 1017 1347 1088 cognoseat,
1362 1011 1438 1086 qnod
1451 1027 1502 1086 ego
1515 1010 1571 1070 dili·

416 1139 481 1195 gsm
496 1127 639 1195 patrem«,
659 1122 748 1195 jussit
762 1127 792 1180 et
806 1137 859 1180 nos
873 1121 1004 1180 similiter
1024 1121 1165 1180 animatos
1184 1135 1257 1180 esse.
1286 1118 1316 1178 Si
1336 1119 1378 1178 ita
1390 1117 1501 1177 domino
1518 1116 1571 1189 pls·

416 1228 503 1286 citum
517 1226 615 1299 fuerit,
637 1232 671 1286 ut
689 1243 804 1286 crucem
822 1225 957 1298 ieramus,
982 1225 1080 1286 demus
1101 1241 1228 1298 operam,
1252 1240 1289 1283 ne
1308 1224 1404 1284 animo
1423 1228 1572 1282 consterne-

416 1350 489 1406 mur,
512 1333 564 1404 sed
578 1331 636 1393 fide
651 1335 739 1392 erecti
753 1349 806 1391 nos
819 1333 893 1392 tales
908 1331 1099 1407 praebeamus,
1122 1332 1171 1404 qni
1191 1331 1287 1392 omnis
1306 1335 1336 1390 et
1354 1326 1449 1388 iacere
1466 1333 1495 1386 et
1506 1325 1573 1386 ierrs

417 1439 576 1513 cupiamus,
600 1455 657 1511 quo
678 1439 786 1498 mundo
807 1442 944 1498 testatum
965 1435 1029 1510 fiat,
1053 1453 1106 1496 nos
1131 1441 1162 1495 et
1184 1437 1259 1496 bunc
1280 1436 1428 1496 dominnm
1442 1448 1532 1494 amare
1550 1437 1576 1490 et

417 1546 479 1619 eJ'us
494 1545 590 1618 gratia
605 1545 709 1615 omnia,
734 1560 798 1616 quse
812 1544 891 1602 illius
905 1544 1027 1618 gloriam
1041 1549 1226 1616 concernunt,
1250 1519 1362 1616 perpeti
1382 1541 1575 1615 paratissimos.

417 1649 501 1720 Nam,
524 1649 627 1721 inquit,
650 1651 674 1708 si
693 1649 728 1720 is,
752 1650 801 1722 qui
820 1650 987 1722 imperatori
1006 1649 1081 1710 fidus
1100 1649 1193 1710 videri
1205 1649 1281 1720 ¹vult,
1306 1648 1412 1719 omnia,
1434 1644 1576 1719 inquibus

417 1755 585 1828 imperatori
599 1771 707 1814 morem
722 1771 754 1813 se
768 1771 870 1828 gerere
885 1773 970 1829 posse
985 1757 1151 1828 arbitretur,
1176 1761 1205 1815 et
1219 1752 1320 1814 suffert
1339 1731 1459 1824 etfacit,
1483 1750 1577 1822 eteius

417 1875 450 1918 se
470 1862 592 1918 amioum
612 1859 658 1918 vel
679 1860 812 1918 cientem
830 1859 951 1936 mtetur,
976 1867 1084 1935 quanto
1106 1862 1198 1935 magis
1218 1860 1250 1919 id
1269 1874 1321 1918 nos
1342 1863 1481 1932 prestere
1502 1853 1576 1914 debe-

418 1982 490 2055 mus,
513 1966 562 2038 qui
581 1965 719 2026 babemus
741 1968 887 2028 dominum
900 1968 1000 2027 desum
1014 1967 1110 2026 multis
1125 1964 1345 2039 imperatoribus
1359 1964 1504 2036 majoram,
1526 1973 1578 2016 ms·

417 2071 491 2130 xime
511 2086 575 2130 cum
594 2071 675 2148 impii
693 2077 865 2144 potestatem
886 2089 974 2147 super
995 2077 1103 2132 sortem
1119 2073 1264 2145 iustorum
1285 2084 1342 2128 non
1366 2069 1500 2128 babeant.
1523 2061 1579 2122 Etsi

418 2191 471 2234 nos
485 2162 523 2235 ¹in
544 2176 660 2235 exilium
681 2177 725 2236 ire
749 2183 863 2250 cogant,
886 2174 924 2235 ab
947 2190 1038 2238 uxore
1065 2183 1095 2236 et
1115 2175 1213 2236 liberis
1241 2174 1377 2234 avellant·
1390 2178 1445 2233 etc.
1468 2170 1580 2242 denique

419 2281 463 2338 nel
484 2281 572 2341 vitam
593 2282 730 2354 eripiant,
754 2281 826 2342 nibil
843 2267 940 2342 tamen
962 2282 993 2339 in
1015 2283 1140 2342 ammam
1165 2282 1211 2342 vel
1233 2282 1354 2343 salutem
1376 2286 1504 2340 nostram
1524 2289 1580 2348 pos·

419 2391 485 2446 sunt
503 2391 558 2446 etc.
597 2387 642 2446 De
661 2387 764 2447 borum
785 2387 938 2448 verborum
960 2388 1173 2461 explanatione,
1197 2387 1306 2446 scilicet
1326 2387 1430 2446 »Siout
1448 2381 1582 2444 mandavit

418 2493 486 2552 mibi
501 2499 594 2567 pater,
609 2493 652 2553 sic
664 2492 799 2566 faciam«,
815 2494 858 2553 ait
871 2510 902 2553 se
915 2495 947 2554 in
962 2509 1023 2568 cap.
1042 2495 1060 2552 8
1077 2494 1161 2569 bttjns
1176 2494 1359 2568 evangeliste
1375 2493 1462 2566 plura
1477 2488 1581 2556 dixisse,

414 2597 521 2672 J‘nbens
540 2603 648 2671 tamen,
671 2605 713 2670 ut,
737 2601 761 2657 si
781 2597 875 2659 Deum
896 2599 1016 2674 diligere
1035 2601 1164 2673 velimus,
1188 2613 1253 2674 quse
1272 2598 1343 2658 deus
1358 2595 1537 2676 preceperit,
1558 2596 1583 2650 et

418 2701 562 2762 iaciamus.
601 2703 708 2776 Sciens,
724 2704 826 2780 inquit,
847 2705 988 2777 dominus,
1010 2722 1096 2780 quam
1111 2707 1244 2780 princeps
1258 2702 1460 2778 hujusmundi
1475 2702 1504 2760 in
1517 2694 1584 2758 luds

419 2813 449 2867 et
463 2823 522 2866 sum
538 2810 624 2868 sortis
638 2799 800 2871 bominibus
813 2808 939 2882 fureret,
963 2811 1017 2872 ait:
1031 2811 1170 2886 ,Sospita
1194 2825 1291 2871 eamus
1305 2810 1380 2869 binc.

506 2913 570 2975 Hae
589 2915 637 2976 dis
655 2917 726 2976 nibil
745 2917 928 2981 sollicitatum
948 2923 1001 2990 est,
1026 2933 1063 2978 ne
1084 2918 1198 2978 onerosi
1212 2922 1263 2978 sut
1276 2915 1363 2976 toedio
1386 2913 1489 2976 aulicis
1510 2908 1584 2970 semi·

419 3019 481 3080 deis
495 3035 630 3081 essemus.
697 3062 701 3067 -

507 3126 617 3186 Eadem
630 3127 660 3187 iu
674 3129 782 3202 palatio
798 3127 920 3190 cesaris
934 3145 987 3190 rex
1001 3129 1202 3192 Fordinsndus
1218 3133 1248 3190 et
1261 3111 1395 3190 advocati
1411 3125 1493 3188 ducis
1504 3121 1585 3185 ildul-

398 3217 403 3225 ’
418 3232 471 3292 rici
485 3249 582 3294 coram
595 3234 791 3309 imperialibus
806 3235 979 3296 consiliariis
994 3234 1175 3310 praesidente·
1188 3233 1404 3309 archiepiscopo
1425 3231 1585 3292 Colonienss

419 3331 519 3399 causas
534 3339 668 3414 agebant.
768 3379 772 3386 ι
1267 3423 1270 3426 ¹

507 3443 630 3505 Domine
648 3447 733 3519 Jesu,
757 3447 807 3520 qui
827 3463 858 3506 es
876 3445 1020 3520 ipsissima
1038 3447 1162 3519 veritas,
1183 3451 1216 3506 tu
1237 3463 1306 3518 vere
1326 3446 1438 3520 dixisti,
1461 3459 1514 3504 nos
1533 3439 1587 3500 sins

418 3555 449 3610 tc
462 3549 534 3608 nihil
547 3567 640 3624 posse.
672 3551 764 3624 Quam
778 3550 891 3611 obrem
905 3551 1052 3612 humiliter
1070 3558 1099 3612 te
1118 3554 1314 3627 deprecamur,
1337 3557 1371 3612 ut
1392 3550 1485 3612 dones
1499 3546 1586 3608 tibiin

419 3657 550 3717 omnibus
569 3657 689 3717 obedire
708 3663 738 3718 et
757 3657 810 3717 tibi
832 3656 885 3717 soli
906 3657 999 3718 inniti.
1038 3655 1159 3718 Causam
1174 3656 1295 3719 deiende
1309 3663 1400 3731 tuam,
1425 3661 1479 3716 tua
1493 3651 1587 3730 pionis,

406 3759 545 3836 ,christe
569 3763 675 3822 vincat.

441 3920 447 3926 .
508 3884 526 3926 v
545 3867 618 3941 Maii
636 3867 667 3927 in
685 3870 793 3944 templo
813 3870 1016 3931 observantem
1035 3868 1064 3928 d.
1085 3869 1253 3931 Leousrdss
1272 3869 1388 3930 familie
1410 3867 1588 3930 concionatus

420 3977 465 4031 est
485 3989 521 4032 cx
543 3989 606 4047 cap.
631 3975 672 4034 28
695 3974 815 4047 Maon,
839 3975 973 4034 nimirum
995 3974 1031 4034 de
1050 3975 1094 4034 bis
1116 3973 1226 4034 verbis:
1248 3975 1289 4034 Et
1306 3975 1376 4036 exiit
1397 3969 1497 4034 'sermo
1518 3966 1588 4046 apud

419 4077 547 4151 iudaeos,
569 4095 661 4153 usque
678 4080 710 4139 in
727 4080 898 4141 bodiemnm
917 4079 994 4139 diem
1014 4084 1067 4139 eto.
1097 4080 1237 4153 Audistis,
1259 4081 1360 4154 inquit,
1386 4076 1588 4142 nudiustertius

419 4189 449 4242 et
462 4184 599 4258 perendie
614 4185 651 4244 de
665 4186 826 4259 peruicacia
839 4185 1007 4245 iudeorum
1022 4190 1052 4244 st
1065 4185 1186 4246 militnm
1205 4201 1319 4261 quoquc
1333 4185 1450 4260 perfide
1465 4181 1587 4250 auaritia,

420 4289 470 4363 qui
482 4296 601 4365 accepta
614 4292 749 4365 pecunia,
772 4295 805 4350 ut
825 4291 964 4352 ascribis
984 4297 1014 4350 et
1027 4289 1183 4352 Pharisssis
1204 4291 1297 4353 edocti
1318 4299 1413 4365 erant,
1438 4293 1516 4352 bunc
1533 4301 1588 4346 ser·

419 4411 532 4456 monem
546 4402 728 4470 sparserunt,
751 4409 849 4470 quem,
872 4397 1003 4471 insum,
1027 4395 1207 4457 sermonem?
1229 4399 1365 4458 nimirum
1381 4398 1489 4469 talem
1512 4389 1588 4454 disd-

419 4500 504 4575 pulos
527 4499 681 4564 suffuratos
704 4519 767 4562 esse
786 4507 875 4563 noctu
893 4519 999 4578 corpus
1018 4502 1125 4562 domini
1143 4502 1223 4564 Jesu.
1263 4504 1317 4578 Qui
1337 4520 1437 4564 sermo
1462 4509 1492 4563 et
1513 4511 1589 4574 quam

419 4606 581 4665 verisimilis
595 4607 642 4680 sit,
666 4607 786 4667 audistis
805 4609 902 4681 etiam,-
925 4613 959 4668 et'
974 4613 1069 4668 tamen
1088 4609 1135 4668 bic
1153 4625 1247 4670 sermo
1266 4609 1345 4684 apud
1361 4609 1491 4670 Judmos
1509 4601 1589 4666 obsti·

421 4715 518 4783 natos,
542 4727 601 4770 non
621 4711 698 4787 ap'ud
720 4711 896 4774 Christianos
916 4714 1084 4788 permansit.
1130 4714 1213 4788 Quod
1235 4721 1329 4774 sutem
1350 4713 1418 4773 haec
1441 4712 1589 4774 Mattheus

422 4816 597 4889 evangelista
614 4821 675 4876 tam
694 4808 809 4878 disen'tis
830 4817 926 4879 verbis
950 4819 1078 4881 iudicare
1104 4819 1241 4893 voluerit,
1264 4822 1330 4882 ideo
1349 4818 1464 4882 lactum
1480 4821 1541 4890 est,
1563 4817 1591 4873 si
