3700 5692
977 724 1023 791 78

415 917 566 985 cognotam
579 908 798 971 Elisabethmet
808 907 929 969 donans
941 908 977 969 dc
991 906 1106 968 Binech
1117 922 1238 982 curaque
1250 906 1422 969 wendelino
1437 900 1514 967 ciiii
1523 922 1570 969 suo

416 1017 522 1077 diutius
536 1014 735 1077 confabulatus
753 1020 800 1075 est
818 1010 980 1090 prefectus.
1012 1012 1158 1075 Gloriatur
1173 1029 1289 1089 quoqm
1302 1018 1348 1073 est
1360 1011 1503 1073 Adrianus
1515 1012 1571 1073 iic·

416 1122 563 1194 guntinurn
578 1123 609 1181 in
623 1122 779 1182 crastinum
793 1136 877 1180 sacra
891 1121 1042 1181 missarum
1056 1119 1188 1181 solennis
1201 1121 1233 1179 in
1247 1120 1401 1195 praesentia
1416 1116 1532 1179 cesaris
1546 1123 1571 1175 et

415 1226 492 1299 regis
499 1226 692 1287 Romanorum
699 1226 912 1287 celebraturum
921 1237 1025 1301 magno
1037 1226 1241 1301 papisticorum
1251 1223 1459 1285 manticam
1469 1223 1570 1283 mistio.

502 1330 612 1390 Eadem
626 1332 772 1393 doctorem
785 1333 943 1393 Henricum
949 1332 1050 1392 Husen
1064 1332 1095 1389 in
1109 1330 1208 1406 platea
1222 1332 1414 1406 convenimus,
1430 1329 1480 1403 qui
1494 1328 1535 1389 ait
1544 1343 1572 1387 se

415 1451 533 1510 sperare
548 1437 630 1498 brevi
645 1438 716 1511 qnid
730 1438 768 1498 de
782 1454 870 1499 cansa
884 1442 985 1498 nostra
998 1434 1134 1497 faturum.

504 1541 538 1599 in
553 1542 663 1635 sedibus
679 1543 708 1602 S.
721 1544 829 1603 Marci:
854 1543 973 1603 «Omnis
988 1550 1058 1605 astus
1074 1544 1110 1603 de
1124 1558 1178 1603 suo
1192 1547 1321 1614 tompore
1335 1545 1496 1613 conqucsm
1505 1544 1569 1599 cst»

415 1646 450 1705 In
464 1645 522 1705 aiio
535 1646 645 1722 lapide:
673 1648 777 1707 «Felix
790 1649 907 1709 nimium
922 1650 1002 1723 prior
1017 1654 1117 1709 etos.»
1142 1648 1177 1711 In
1191 1647 1322 1721 ingrecn
1336 1645 1471 1707 monada
1491 1648 1572 1729 eoric

416 1749 549 1825 capitolii
563 1753 655 1811 leonis
669 1751 779 1827 effigies
793 1754 919 1814 catulum
934 1754 989 1815 sibi
1003 1754 1161 1827 subjectum
1179 1752 1243 1813 miti
1256 1752 1337 1813 salta
1359 1752 1498 1813 intuentis
1508 1764 1572 1809 eura

415 1854 460 1929 his
474 1856 617 1934 versibus:

659 1958 744 2009 iratus
761 1958 849 2011 recole
868 1959 938 2025 quod
953 1958 1052 2011 mobilis
1071 1960 1110 2011 irc
1127 1958 1215 2011 leonis

696 2048 727 2097 In
748 2047 801 2099 sibi
820 2054 1012 2113 prostratores
1030 2052 1110 2115 negot
1128 2062 1187 2099 csso
1205 2046 1298 2097 ieram.

504 2154 615 2215 Eadem
635 2157 769 2217 dominus
783 2157 931 2219 Masculus
952 2163 1122 2235 prosecutas
1142 2164 1187 2219 cst
1207 2162 1316 2219 mnam
1339 2158 1376 2218 du
1391 2156 1572 2233 amputatione

416 2262 565 2336 palmitum
578 2267 608 2323 et
620 2264 744 2325 maxime
758 2264 795 2323 de
810 2263 972 2333 obstinatis.
1141 2318 1142 2325 ,

504 2367 624 2443 Eadem,
640 2385 705 2442 qum
724 2375 788 2431 crat
806 2370 907 2444 vigilia
923 2370 1100 2431 ascensionis
1112 2368 1219 2439 domini
1233 2369 1380 2431 Ditmarus
1397 2368 1496 2445 Helier
1510 2363 1571 2425 oon-
1641 2402 1642 2409 κ

416 2472 462 2533 sul
476 2490 530 2549 per
543 2474 641 2534 literas
655 2474 770 2535 nomine
784 2476 871 2535 etiam
885 2473 1146 2535 Corbachianorom
1167 2476 1271 2535 civim
1285 2474 1321 2535 dc
1336 2474 1434 2533 salute
1447 2479 1477 2533 et
1488 2484 1573 2533 rernm
1641 2470 1642 2509 ἲ

416 2585 579 2656 nostrarum
592 2586 670 2639 statu
684 2581 844 2640 sciscitatus
859 2586 912 2641 est.
940 2578 1069 2643 Nuncins
1090 2576 1145 2641 trit
1158 2580 1329 2641 Francisccs
1344 2578 1506 2641 Steinruck.
1526 2576 1570 2635 At·
1641 2582 1642 2585 ’

415 2682 482 2742 tulit
494 2682 570 2743 idem
589 2684 688 2744 literas
706 2701 726 2744 a
741 2686 855 2747 domina
873 2692 979 2762 matre,
1000 2701 1090 2747 uxore
1111 2691 1142 2749 et
1155 2686 1309 2747 sororibus.
1348 2687 1424 2747 Item
1438 2702 1458 2745 a
1471 2684 1572 2745 Joaaae

416 2784 552 2848 Galactco
566 2794 597 2848 et
610 2789 778 2851 Hermanno
791 2790 905 2851 Nedon.

503 2894 615 2954 Eodem
629 2894 671 2954 M„
687 2896 858 2957 Wiihelmns
872 2896 1043 2959 secretorias
1059 2896 1206 2959 Wiihelmi
1228 2897 1338 2958 comitis
1353 2896 1493 2975 scriptum
1505 2909 1570 2955 cous·

416 3000 548 3075 promissi
562 3000 638 3060 inter
649 3000 848 3063 coloniensem
862 3008 892 3063 et
905 3018 968 3078 nos,
984 3004 1100 3077 stipsis
1115 3004 1276 3079 phcuerat,
1291 3004 1422 3064 dotatam
1436 3008 1467 3063 ot
1479 2997 1570 3063 confir·

415 3109 524 3165 matum
538 3106 620 3169 nobis
633 3106 762 3170 tradidit.
785 3107 891 3167 Socrus
906 3113 936 3167 et
951 3122 1076 3169 noverca
1089 3108 1215 3169 Eilhusii
1228 3126 1287 3169 nna
1306 3107 1434 3169 fuerunt.

503 3211 617 3273 indicta
637 3217 682 3273 cst
701 3213 781 3273 dicta
799 3214 832 3273 ia
844 3213 1013 3273 Wimmiom
1034 3214 1066 3275 in
1084 3230 1171 3275 censa
1192 3212 1267 3275 dotis
1282 3214 1320 3275 ad
1335 3214 1414 3274 diem
1427 3215 1502 3274 lanc
1514 3213 1573 3287 post

417 3315 566 3377 Trinitatis
588 3320 656 3380 anni
677 3319 762 3393 huius
786 3320 880 3379 1548.
910 3318 1051 3381 Habitum
1068 3325 1098 3379 ct
1119 3336 1206 3395 super
1220 3321 1276 3381 hoc
1290 3320 1441 3381 consilium
1455 3322 1499 3379 est
1518 3329 1572 3375 caan
1641 3356 1642 3365 η

287 3436 291 3442 ’
418 3419 545 3483 Liborio.

504 3528 625 3603 rnieji,
652 3544 718 3602 que
739 3533 805 3589 crat
822 3528 921 3605 egem
941 3530 1404 3607 demonstrassemus,
1426 3532 1457 3591 sn
1479 3525 1571 3600 emon
1641 3510 1642 3565 ὲ

415 3632 546 3692 Mauritii
559 3635 692 3709 preelegit
705 3635 796 3695 lector
809 3633 952 3707 reliquum
967 3634 1069 3709 cupitis
1087 3638 1125 3695 13
1142 3636 1283 3697 Matthaei.
1330 3635 1443 3697 Deinde
1457 3634 1485 3695 d
1500 3632 1571 3693 iius·
1641 3690 1642 3713 ἢ

416 3737 497 3798 cuius
516 3738 665 3800 historimn
685 3741 862 3801 ascensionis
881 3739 1031 3800 dominium
1054 3758 1090 3802 ex
1110 3740 1203 3817 capite
1218 3739 1318 3802 nidmu
1330 3740 1435 3801 Marci
1458 3750 1570 3810 evange·

415 3842 500 3919 iistae,
515 3844 625 3905 scilicet
639 3862 676 3905 ex
689 3844 871 3920 paragrapho
885 3845 987 3906 ultimo
1002 3846 1157 3910 contexuit.
1192 3845 1290 3905 Verba
1308 3852 1408 3913 anmm
1420 3846 1482 3907 haec
1497 3846 1570 3903 sunt:

415 3949 518 4022 Itaque
527 3950 658 4011 dominus
673 3950 957 4027 quidem-postquam
966 3952 1078 4011 locutus
1091 3950 1194 4011 fuisset
1208 3953 1258 4025 eis,
1273 3957 1407 4027 receptus
1423 3957 1467 4011 cst
1479 3952 1509 4009 in
1521 3960 1570 4005 cm·
1641 4006 1642 4011 ,

416 4053 476 4112 ium
493 4059 525 4113 ot
542 4055 671 4117 consedit
688 4056 726 4117 ad
748 4057 896 4117 dexteram
909 4057 976 4117 Dei.
1015 4056 1061 4115 ilii
1076 4071 1146 4117 sero
1168 4056 1277 4133 agressi
1290 4057 1517 4137 pradicaserunt
1529 4052 1571 4111 do

415 4160 493 4221 raino
507 4167 682 4236 cooperante
696 4162 804 4236 ubique
817 4169 847 4223 ct
860 4178 1021 4237 sermonem
1036 4159 1222 4223 confirmante
1243 4178 1297 4239 per
1310 4163 1393 4241 signa
1408 4162 1570 4233 snboeqaca·
1641 4138 1642 4207 ἶ

415 4264 459 4325 tia
471 4271 526 4326 otc.
548 4264 692 4332 Proefmns
706 4268 795 4342 igitur
809 4268 967 4343 Masculus,
983 4284 1070 4342 qnam
1088 4266 1168 4327 dives
1182 4267 1221 4328 sit
1234 4267 1281 4327 hio
1295 4272 1398 4342 textus,
1415 4267 1475 4327 duo
1486 4270 1571 4325 aman
1641 4244 1642 4253 ἵ

415 4369 594 4445 podssimum
607 4371 640 4429 in
653 4387 688 4431 co
703 4373 893 4433 observabilis
906 4390 971 4434 esse
986 4374 1067 4435 dixit
1090 4375 1249 4435 Historiam
1263 4375 1395 4435 videlicet
1409 4366 1571 4437 ascensionis
1641 4364 1642 4383 ¹

416 4472 564 4535 dominice
578 4479 610 4535 ct
622 4492 705 4535 nsnm
718 4479 782 4552 ejas
797 4494 861 4537 cum
874 4477 979 4539 tractu
1012 4479 1061 4541 Dc
1075 4480 1169 4555 prtia
1187 4486 1271 4554 parts
1285 4478 1439 4559 disserens,
1462 4477 1570 4539 aiteram

416 4578 446 4635 in
465 4579 628 4639 concionem
647 4584 842 4657 vespmdnam
859 4600 1021 4645 reservans.
1067 4587 1102 4645 In
1122 4584 1244 4645 historia
1265 4599 1335 4643 vcro
1354 4580 1417 4643 hnc
1435 4576 1570 4643 observari

412 4681 508 4755 jussit
544 4684 701 4745 Veritatem
725 4682 900 4748 oscerdionis
915 4687 1031 4764 domini,
1054 4689 1102 4757 ubi
1117 4689 1248 4752 dominus
1263 4688 1433 4763 ascenderit,
1456 4681 1568 4761 quanda

417 4786 574 4871 quomodo,
593 4805 652 4864 ono
670 4792 799 4854 sublatus
820 4798 851 4853 et
869 4809 934 4869 qum
953 4794 1036 4857 nobis
1054 4794 1122 4860 iada
1143 4795 1254 4859 utilitas
1272 4794 1412 4857 creauit
1444 4786 1568 4852 Historia
