3700 5692
830 724 876 797 it

291 910 425 971 ueritatem
439 928 475 973 ex
489 910 570 973 Luca
584 918 615 974 ct
627 912 793 989 apostolicis
806 914 898 975 literis
913 916 1017 981 ederit.
1047 917 1097 977 alt
1111 922 1206 978 sutem
1221 916 1365 979 domiuum
1379 934 1437 980 nou

287 1016 370 1075 stetim
382 1034 400 1077 s
413 1017 538 1091 glorioso
552 1034 605 1079 sua
619 1021 830 1079 resurrectione
844 1020 884 1081 ad
893 1022 982 1082 coelos
997 1022 1167 1098 escendisse,
1180 1022 1233 1083 sed
1246 1040 1298 1097 per
1314 1024 1437 1097 quadre-

285 1122 353 1195 pinta
371 1122 495 1198 intem
515 1123 576 1184 dies
596 1140 628 1186 se
648 1127 741 1199 ipsum
762 1124 923 1187 ostendisse
941 1128 1103 1203 discipulis,
1132 1146 1181 1190 eos
1201 1126 1385 1201 confirmasse
1407 1132 1437 1190 in

284 1224 340 1302 ide,
358 1245 418 1287 enm
436 1230 494 1289 illis
513 1230 700 1290 munducusse
715 1246 750 1290 ce
763 1246 795 1289 so
808 1232 940 1293 menibus
960 1250 1059 1295 eornm
1072 1232 1307 1295 contrectandum
1322 1250 1357 1293 sc
1370 1236 1434 1309 pnl-

283 1332 392 1405 pandum
411 1336 577 1409 prebuisse.
622 1336 703 1397 Sient
722 1342 818 1397 cutem
841 1337 973 1398 dontinus
997 1340 1092 1415 palam
1117 1341 1178 1414 pati
1204 1346 1234 1400 et
1261 1341 1436 1401 intuentibus

283 1440 398 1501 omuibus
418 1444 510 1501 erucis
531 1441 701 1517 supplicium
721 1442 939 1519 subintulerit,
968 1445 1011 1505 its
1029 1446 1266 1507 resurrectionem
1286 1462 1366 1505 suum
1380 1445 1436 1505 illis
1460 1502 1463 1509 .

282 1549 392 1621 unium,
404 1599 410 1608 ,
422 1548 473 1621 qui
494 1548 533 1607 ed
552 1548 609 1609 luoc
627 1545 724 1609 aDeo
745 1548 934 1623 preordinati
948 1548 1076 1626 luerent,
1098 1552 1218 1613 testibus
1233 1550 1434 1611 manifestavit.

282 1648 393 1711 Leuctns
406 1658 453 1712 est
467 1657 562 1713 cutem
576 1654 709 1713 dominns
724 1670 743 1714 e
756 1655 815 1714 auis
834 1655 865 1713 in
878 1660 976 1715 monte
990 1656 1095 1731 oliveti,
1112 1658 1162 1730 qni
1176 1661 1220 1717 est
1237 1657 1315 1717 inter
1328 1656 1434 1716 Hieru-

282 1756 358 1815 selem
371 1763 400 1817 et
413 1758 596 1832 Bethanim
611 1758 662 1819 ubi
675 1758 842 1834 loquentur
855 1760 941 1820 Jesus
956 1760 1030 1821 alias
1043 1761 1153 1836 erubet,
1176 1761 1215 1821 ud
1230 1762 1311 1835 cnjus
1326 1759 1436 1822 declive

281 1862 354 1921 olium
366 1868 464 1937 putes
478 1865 626 1939 sanguinis
640 1865 671 1923 in
685 1864 943 1927 hertoiietsemnui
952 1867 1074 1942 sudavit,
1083 1860 1213 1929 sublatus
1226 1882 1262 1927 ex
1271 1868 1325 1928 hoc
1338 1872 1436 1927 monte

280 1980 333 2025 cum
345 1983 464 2043 corporo
483 1970 713 2031 succidentibus
731 1970 879 2046 discipulis
893 1978 947 2031 eto.
987 1968 1154 2033 Consedens
1172 1972 1210 2033 sd
1225 1971 1373 2031 dextemm
1386 1988 1436 2046 pa-

280 2072 331 2130 tn's.
364 2072 419 2133 llio
438 2075 531 2134 mulie
550 2074 625 2135 dixit
643 2075 792 2135 Musonius
811 2092 847 2136 er
868 2076 996 2150 epistole
1019 2076 1146 2136 Peuliuis
1168 2082 1197 2137 et
1220 2076 1374 2151 Augustini
1398 2077 1436 2137 de

279 2174 375 2240 tenore
387 2180 486 2240 cernis
500 2184 617 2254 nesure,
632 2181 759 2242 sedenim
773 2183 804 2241 in
818 2180 934 2243 Christe
948 2182 986 2244 ad
1001 2183 1149 2244 dexteram
1162 2184 1262 2259 patris.
1301 2181 1435 2243 sublatus

279 2287 322 2357 est,
337 2285 436 2362 inquit,
454 2302 541 2361 snper
555 2302 653 2347 omnes
668 2288 766 2348 coelos.
805 2288 867 2350 Hos
887 2296 983 2349 antem
1004 2290 1091 2351 coelos
1106 2304 1165 2349 non
1186 2288 1315 2361 reputari
1330 2287 1435 2348 debere

278 2390 368 2450 celum
381 2393 437 2453 hoe
451 2391 576 2453 uolutile
591 2398 622 2453 et
635 2398 766 2469 areum,
786 2394 865 2467 quod
878 2396 961 2457 nobis
976 2394 1089 2457 visibile
1103 2401 1160 2470 est,
1183 2394 1236 2455 sed
1256 2395 1435 2467 majestatem

277 2492 343 2554 illem
355 2503 385 2558 et
397 2498 521 2573 gloriam
535 2499 690 2573 coelestem,
706 2515 765 2573 qus
778 2516 831 2574 per
845 2517 910 2561 eum
925 2500 1136 2576 glorificaturus
1151 2504 1228 2575 erat,
1253 2501 1327 2559 sieut
1342 2498 1433 2559 domi·

277 2613 321 2657 uns
331 2608 437 2664 noster
446 2603 534 2663 Jesus
548 2604 681 2664 Christus
695 2606 751 2665 ait:
773 2606 814 2666 Et
831 2622 907 2666 nune
925 2604 1054 2682 glorifice
1075 2622 1130 2680 me,
1153 2610 1279 2681 epuler,
1295 2602 1373 2679 apud
1390 2610 1433 2664 te·

276 2707 412 2782 metipsum
426 2709 536 2784 glorie,
561 2726 647 2783 quam
660 2710 750 2771 hebui
764 2712 931 2787 priusquam
946 2714 993 2773 hic
1007 2714 1130 2775 mundus
1145 2716 1222 2774 esset
1237 2717 1290 2773 etc.
1330 2710 1432 2771 Suble-

276 2815 313 2869 tus
326 2818 368 2873 est
380 2818 498 2889 quoqne
511 2816 542 2874 in
557 2817 677 2892 eoelum,
701 2821 734 2876 ut
747 2834 800 2879 nos
821 2834 887 2879 enm
901 2834 937 2879 eo
953 2834 1114 2893 sequamur.
1154 2819 1282 2893 Utinam,
1297 2818 1339 2877 ait
1352 2817 1433 2877 Mus·

275 2918 352 2994 ulus,
366 2936 431 2981 enm
446 2926 557 2980 nostre
577 2923 673 2981 curnis
694 2923 833 2986 honorem
853 2938 1086 3000 agnosceremus,
1108 2925 1184 2999 quod
1205 2923 1335 2984 Ohmstus
1348 2938 1434 2982 verus

275 3018 343 3083 Deus
356 3032 385 3085 et
397 3028 487 3086 homo
501 3028 531 3087 in
546 3044 633 3088 earne
648 3033 749 3089 nostra
763 3028 801 3089 ad
814 3030 946 3091 deutrum
960 3030 1015 3091 Dei
1031 3030 1139 3091 sedent.
1178 3030 1269 3091 Addit
1283 3044 1346 3090 csse
1360 3026 1432 3103 ligu-

274 3132 329 3189 rate
340 3130 456 3207 dimum,
473 3149 541 3194 caro
556 3138 656 3195 nostra
671 3134 753 3195 sedet
765 3136 796 3194 iu
811 3136 899 3208 coslo,
919 3137 994 3195 sient
1014 3136 1146 3197 dicimus:
1169 3136 1279 3195 Domus
1300 3134 1435 3194 Austriea

275 3236 319 3292 cut
334 3234 521 3313 Burgundios
535 3237 617 3299 sedet
631 3255 719 3314 super
734 3236 835 3298 solium
849 3240 971 3313 imperii,
982 3256 1047 3300 cum
1059 3238 1090 3299 id
1105 3240 1135 3301 in
1150 3254 1208 3299 uns
1221 3254 1354 3315 persons,
1370 3238 1432 3299 Oce-

274 3352 329 3399 tsre
349 3343 485 3403 nimirum
505 3343 551 3403 uel
572 3359 657 3419 rege,
684 3345 868 3419 complentur.
912 3344 957 3419 Si,
981 3344 1089 3418 inquit,
1114 3346 1171 3405 hoe
1188 3344 1434 3404 consideraremus

273 3444 388 3522 nihilque
400 3449 498 3521 majus
515 3449 696 3523 duceremus,
718 3448 790 3509 nilril
809 3458 903 3519 minus
924 3466 1011 3524 quam
1024 3448 1144 3510 humilia
1157 3448 1243 3523 huius
1257 3450 1357 3509 mundi
1372 3464 1433 3509 am·

273 3548 462 3618 plecteremur.
502 3554 572 3627 Quis
592 3555 749 3629 imperator
768 3556 815 3614 uel
835 3556 966 3630 prinecps
987 3571 1045 3616 non
1063 3571 1117 3629 pro
1137 3554 1192 3615 hoe
1212 3554 1320 3615 honore
1335 3570 1433 3615 omncs

272 3669 330 3716 tues
342 3676 472 3735 pompas,
489 3675 553 3736 qum
568 3676 605 3721 ne
620 3662 722 3721 vitiose
742 3660 855 3735 quidem
874 3676 947 3720 nuce
968 3659 1006 3721 ad
1019 3660 1096 3719 hunc
1109 3661 1247 3721 honorem
1260 3654 1433 3733 eompuratae

272 3762 439 3827 aetdmcndae
454 3772 530 3841 sunt,
549 3762 728 3842 coutemrist,
752 3768 821 3841 quin
836 3782 934 3826 omnes
949 3765 1156 3827 sollicitudines
1170 3782 1206 3826 sc
1219 3764 1334 3825 iuberes
1348 3765 1433 3838 hujus

271 3862 378 3929 lenens
392 3876 528 3945 respectu
541 3870 717 3947 postponet?
740 3871 808 3931 Sine
828 3869 930 3946 dnbio,
951 3872 975 3929 si
999 3870 1062 3930 haee
1075 3871 1303 3932 revocaverimus
1319 3870 1358 3929 ad
1373 3884 1432 3944 eor,

271 3974 397 4036 noudum
411 3994 467 4053 pro
482 3978 572 4039 nihilo
587 3976 765 4052 duceremus,
788 3994 846 4037 non
861 3977 940 4050 quod
954 3976 1090 4036 mnndum
1104 3977 1234 4037 relicturi
1249 3976 1347 4051 simus,
1368 3992 1433 4037 nem

271 4076 418 4143 inmundo
442 4098 495 4143 nos
516 4085 603 4143 utem
625 4083 731 4158 degere
754 4085 885 4159 oportet,
910 4082 1047 4155 qucmdn
1068 4082 1099 4143 id
1112 4083 1222 4146 eoelesti
1242 4084 1320 4157 petri
1334 4086 1434 4144 nostro

270 4180 396 4252 plautum
419 4193 479 4262 est,
501 4188 552 4248 sed
575 4204 612 4247 ne
632 4192 715 4248 tento
729 4193 835 4249 conatu
852 4186 938 4261 hujns
959 4187 1057 4249 mundi
1071 4187 1177 4249 divitiis
1198 4188 1353 4261 inhiemus,
1377 4202 1434 4277 nun

271 4289 339 4357 quod
354 4290 463 4353 divitie
477 4292 657 4369 damnentur,
674 4295 726 4354 sed
741 4294 819 4368 quod
831 4294 916 4368 juxta
922 4292 1062 4354 Davidem
1077 4309 1127 4353 cor
1141 4308 1199 4353 non
1213 4306 1432 4367 apponeremus.

270 4389 338 4453 ilum
351 4396 462 4458 Paulus
476 4413 541 4472 eos,
566 4401 615 4473 qui
629 4399 730 4459 volunt
744 4397 901 4474 ditescere,
921 4400 991 4459 dicit
1005 4402 1036 4459 in
1050 4402 1223 4460 tenutiones
1237 4396 1363 4457 incidere
1378 4402 1433 4457 etc.

269 4497 370 4561 Verum
384 4504 462 4563 victu
482 4509 512 4563 et
531 4505 785 4565 emistuoontsnti
807 4506 1019 4565 meminerimus
1041 4504 1284 4565 conversationem
1305 4506 1434 4562 nostram

269 4604 296 4664 iu
309 4608 392 4668 coelis
405 4624 470 4669 esse
484 4609 599 4684 debere,
614 4610 674 4672 und
687 4608 779 4684 geben
793 4609 886 4670 nichts
899 4608 943 4669 vii
950 4610 1006 4670 ulle
1020 4603 1323 4683 diessWepeldinpe.¹
1339 4606 1435 4668 lethae

335 4830 347 4875 t
368 4826 497 4880 innodet
515 4826 603 4895 dings.
