3700 5692
901 672 948 746 ,53

336 857 427 932 missi,
452 871 517 916 eum
529 856 594 930 ipso
608 856 811 931 consultatori,
835 854 961 930 adimus,
984 855 1063 932 apud
1077 871 1162 931 quem
1175 857 1242 917 hinc
1256 857 1324 920 inde
1340 859 1517 934 disputatum

337 970 396 1039 111,
418 962 470 1023 sed
483 959 616 1037 frugiferi
636 978 737 1036 parum
755 962 823 1022 iude
842 960 994 1021 emanavit.
1032 963 1131 1022 Visum
1151 969 1196 1024 est
1216 964 1299 1042 nobis
1320 965 1357 1024 ob
1378 965 1518 1038 quosdam

335 1084 485 1129 sermones
504 1082 657 1128 novercam
676 1068 769 1126 nostri
789 1068 936 1141 egregiam
954 1068 1128 1128 mentionem
1143 1068 1180 1146 (si
1195 1071 1236 1130 dii
1250 1068 1362 1145 volunt)
1379 1070 1456 1145 apud
1471 1086 1518 1131 co·

336 1177 436 1236 mitem
450 1174 635 1236 Wilhelmum
649 1171 761 1232 1111111.

427 1279 569 1340 01111111·
584 1271 676 1340 novus
695 1279 832 1338 articulus
850 1279 929 1338 iuter
945 1267 1144 1339 coloniensem
1158 1285 1188 1340 et
1202 1296 1263 1340 nos.
1304 1282 1334 1342 Si
1349 1283 1515 1357 recipiatur,

337 1392 368 1446 11
382 1386 472 1446 adum
485 1386 532 1444 hic
546 1390 751 1459 procreaturus
768 1389 821 1442 est.

426 1490 498 1548 Haeo
517 1468 581 1562 ipsa
601 1488 662 1548 dias
681 1490 819 1548 terminus
839 1494 903 1548 erat
929 1495 1042 1549 centum
1062 1496 1092 1550 et
1111 1493 1322 1565 sesquiceutnm
1341 1491 1515 1554 florenorum

335 1611 470 1656 novercse
491 1595 522 1654 in
542 1595 698 1654 vitalicium
720 1594 931 1655 solvendorum.
975 1596 1119 1657 Martinus
1141 1597 1269 1656 Buoerus
1292 1599 1513 1670 1111111111-

336 1703 475 1761 nieuseru.
1263 1779 1268 1788 Ι

425 1806 473 1866 Ab
486 1805 649 1866 hominibus
663 1805 748 1880 hujus
763 1806 852 1864 seculi
870 1805 1054 1867 condemnari
1070 1815 1099 1867 et
1111 1809 1213 1868 baberi
1227 1811 1351 1870 ludibrio
1366 1812 1514 1884 proprium
1562 1881 1564 1884 ¹

336 1918 382 1972 est
396 1927 506 1986 eorum,
524 1929 597 1986 quos
608 1911 748 1986 justificat
765 1917 796 1970 et
810 1911 953 1988 glorificat
968 1913 1047 1974 deus.

426 2017 538 2077 Eadem
553 2017 758 2106 dumtcaesaris
778 2019 889 2093 aliquot
907 1998 1042 2095 proceres
1062 2019 1149 2082 aulici
1163 2020 1222 2094 pila
1236 2021 1340 2080 ludunt
1354 2023 1384 2080 iu
1399 2023 1513 2084 theatro

335 2126 571 2200 Angustanorum
586 2124 689 2182 civium
704 2126 836 2198 expensis
851 2130 881 2184 et
895 2131 1010 2199 sumptu
1025 2127 1056 2184 in
1070 2126 1124 2185 boc
1139 2131 1317 2201 constructo,
1339 2125 1434 2187 subito
1449 2143 1511 2189 mu-

335 2248 387 2292 rus
402 2230 509 2291 cadens
524 2229 666 2304 subsidet,
686 2221 771 2290 ¹ruina
785 2247 838 2288 sua
851 2231 973 2289 latomos
988 2231 1059 2290 dnos
1076 2236 1105 2291 11
1119 2248 1177 2290 111
1192 2247 1299 2305 paucos
1315 2247 1351 2290 ex
1365 2233 1429 2292 aliis
1443 2231 1509 2295 bra·

335 2337 409 2397 chiis
429 2341 461 2396 et
473 2337 604 2396 cruribus
623 2334 746 2411 laedens,
767 2338 834 2396 licet
852 2337 972 2397 vetitum
991 2338 1029 2396 sit
1048 2353 1084 2396 ne
1105 2336 1277 2413 proderetur
1296 2355 1384 2396 unum
1405 2344 1454 2399 aut
1468 2340 1510 2399 al·

336 2449 433 2504 terum
448 2441 554 2502 11111
569 2458 637 2501 casu
651 2448 773 2502 mortem
787 2443 952 2517 oppetiisse.
1050 2461 1052 2465 ·

426 2548 518 2624 Iberi,
542 2547 642 2622 quiin
665 2547 772 2607 ducatu
791 2547 1040 2623 Wirtenbergensi
1065 2547 1196 2622 hyberna
1219 2554 1352 2624 egerunt,
1376 2550 1512 2625 Hispanis

334 2656 395 2715 suis
412 2654 551 2729 Auguste
571 2653 751 2728 torpentibus
766 2656 894 2728 quotidie
909 2656 1039 2731 plaustra
1051 2656 1161 2728 aliquot
1174 2653 1274 2714 ferinae
1289 2656 1415 2715 mittunt.
1438 2656 1512 2717 Nar·
1634 2685 1639 2695 ·

335 2766 433 2820 ratum
447 2775 562 2834 qnoque
578 2759 661 2818 nobis
677 2765 735 2833 est,
758 2760 911 2820 coriarium
925 2777 1014 2820 unum
1029 2761 1075 2820 hic
1089 2760 1227 2835 Augustae
1242 2759 1421 2820 habitantem
1440 2780 1511 2823 uou-

334 2871 439 2941 gcntas
459 2881 610 2925 corvorum
628 2865 719 2940 pelles
741 2870 903 2925 exsenatu
916 2866 1111 2940 Hispanorum
1130 2867 1184 2927 sibi
1204 2866 1259 2924 hue
1279 2871 1380 2926 aestate
1400 2883 1513 2944 compa·

333 2987 425 3030 rasse.
465 2971 513 3030 Sic
527 2971 624 3040 miseri
639 2969 776 3030 Germani
790 2987 894 3045 magno
910 2973 1101 3046 agricolarum
1118 2970 1268 3045 dispendio
1284 2977 1314 3031 et
1327 2973 1454 3046 ipsorum
1468 2974 1511 3033 lu·

333 3075 429 3136 dibrio
450 3075 599 3136 iberorum
622 3081 652 3136 et
670 3077 815 3151 regiorum
836 3076 1017 3136 adulatorum
1042 3077 1121 3150 genti
1140 3092 1207 3136 suas
1229 3077 1395 3138 venationes
1416 3095 1510 3139 reser-

334 3186 451 3242 varunt.
1180 3193 1182 3202 ’
1403 3195 1409 3200 ’

424 3287 548 3348 Domine
561 3287 643 3348 Deus
664 3294 694 3348 et
707 3293 792 3363 pater
811 3286 951 3361 ooelestis,
974 3291 1007 3344 tu
1025 3287 1088 3361 ipse
1103 3301 1148 3361 11,
1169 3287 1217 3360 qui
1237 3292 1267 3346 et
1285 3303 1405 3360 quorum
1421 3293 1453 3348 tu
1468 3290 1511 3350 vis

332 3395 482 3453 misereris
496 3399 526 3452 et
540 3409 639 3454 eorum
654 3396 800 3454 orationes
815 3391 943 3452 exaudis.
967 3392 1125 3464 Propterea
1133 3390 1174 3449 ad
1181 3396 1209 3449 te
1219 3393 1311 3451 omnis
1326 3409 1394 3452 caro
1405 3394 1509 3454 veniet,
1569 3444 1574 3460 ,

332 3500 450 3559 Exaudi
470 3514 535 3574 nos,
556 3516 733 3574 quaesumus,
754 3515 807 3576 per
826 3496 1024 3557 admirabilem
1039 3497 1180 3571 Justitiam
1197 3502 1285 3556 tuam.
1326 3498 1370 3556 Tu
1386 3498 1462 3568 enim
1478 3515 1509 3558 11

332 3582 415 3666 Deus
429 3605 564 3664 111111111
580 3609 678 3664 noster
693 3610 796 3677 etspes
809 3603 934 3663 omnium
948 3602 1048 3665 finium
1062 3607 1148 3662 terrae
1164 3617 1198 3661 ac
1212 3619 1230 3660 1
1244 3604 1318 3661 mari
1332 3605 1427 3678 longe,
1439 3621 1509 3676 ⁴pro-

332 3712 423 3787 pitius
443 3715 506 3769 esto
521 3709 683 3769 Germania
702 3716 760 3769 tuae
780 3711 935 3769 innumeris
954 3709 1046 3769 modis
1066 3706 1267 3768 afflictissimae.
1307 3707 1371 3767 Tibi
1394 3708 1509 3771 dotnino

331 3816 471 3891 fatemur,
488 3817 680 3890 peccavimus,
702 3822 916 3875 contemnentes
931 3797 1011 3875 tuum
1025 3813 1144 3874 verbum
1159 3820 1189 3873 et
1202 3814 1309 3888 ingrati
1324 3813 1508 3891 113111113-

332 3923 549 3982 111111111111(
563 3919 676 3982 fuimus.
699 3922 861 3994 Propterea
874 3920 957 3980 nobis
972 3921 1124 3980 11111111
1139 3919 1234 3979 omnia
1249 3921 1428 4004 contingunt.
1452 3920 1511 3982 Sed

333 4044 420 4103 nnnc,
447 4027 568 4102 domine,
585 4026 751 4087 recordatus
765 4025 818 4085 filii
832 4024 1024 4101 pacificatoris
1039 4030 1069 4086 et
1080 4025 1284 4085 misericordiae
1299 4031 1357 4086 tuac
1372 4029 1509 4102 antiquae,

333 4142 368 4196 tu
381 4149 436 4194 uos
450 4133 576 4206 corripe,
600 4133 651 4192 sed
666 4148 723 4193 non
738 4134 768 4191 iu
783 4131 881 4192 furore
896 4133 948 4190 iras
964 4137 1035 4208 111,
1059 4148 1094 4190 ac
1113 4132 1206 4191 libera
1225 4147 1278 4190 nos
1299 4132 1335 4190 ds
1356 4113 1440 4206 gente
1454 4131 1510 4192 hac

333 4255 394 4300 non
409 4239 524 4298 sancta!
561 4239 601 4298 Et
615 4241 683 4312 quia
697 4239 819 4312 populus
833 4244 901 4299 tuus
916 4254 1014 4298 snmus
1030 4253 1153 4312 ovesque
1169 4253 1283 4310 pascuae
1298 4241 1368 4308 tuae,
1389 4238 1421 4295 in
1434 4237 1510 4296 uiam

332 4352 415 4406 tuam
426 4361 479 4405 nos
491 4345 592 4404 reduc!
608 4345 777 4419 Quanquam
786 4346 870 4420 onim,
887 4341 1508 4418 ορ1111]1111,1111111]1111111111·

333 4467 408 4526 mur,
425 4452 494 4524 quia
507 4454 606 4511 tamen
614 4451 697 4525 apud
710 4457 740 4510 te
753 4451 921 4525 propitiatio
937 4455 989 4524 est,
1005 4449 1142 4509 terribilis
1157 4461 1214 4506 non
1228 4448 1276 4520 sis,
1291 4445 1379 4519 idque
1393 4459 1446 4520 per
1460 4447 1510 4507 Je-

334 4573 398 4618 snm
413 4555 559 4616 Christum
573 4557 710 4616 dilectum
731 4553 821 4616 fllium
843 4561 940 4630 tumn,
965 4555 1014 4628 qui
1034 4559 1128 4613 tecum
1148 4567 1211 4610 cum
1226 4567 1249 4611 1.
1265 4551 1369 4625 spiritu
1389 4552 1460 4626 vivit
1481 4557 1511 4611 et

334 4667 442 4740 regnat
454 4679 529 4722 unus
544 4667 575 4721 et
587 4661 665 4722 idem
679 4662 759 4721 Dens
772 4679 825 4736 per
840 4662 935 4722 omnia
950 4659 1047 4720 secula
1061 4658 1229 4718 seculorum.
1253 4657 1353 4717 Amen.

421 4769 461 4845 ,lu
475 4769 594 4830 oonsilio
608 4768 750 4843 inperiali
764 4767 920 4842 siquando
939 4770 1081 4827 tentatum
1096 4768 1153 4839 est,
1175 4762 1329 4846 rebellibus
1343 4763 1374 4824 in
1388 4765 1511 4839 gretiam
