3700 5692
838 758 904 825 ili

284 947 353 1003 sunt
366 943 466 1018 legati,
483 944 533 1016 qni
547 944 621 1004 banc
634 944 850 1016 responsionem
864 954 997 1003 maerere
1011 944 1155 1018 majestati
1169 941 1321 1005 referrent.
1348 942 1372 1003 Ο
1386 942 1454 1005 bor·

281 1050 407 1137 rendum
416 1054 448 1109 et
456 1052 621 1124 sanguineis
631 1052 720 1125 guttis
729 1050 1060 1125 deplorandumsenatus
1066 1050 1224 1109 eonsilium.
1240 1049 1376 1109 Nondum
1383 1051 1459 1109 enim

207 1134 211 1141 ¹
284 1156 470 1231 plebiscitum
481 1155 537 1214 dici
549 1162 661 1231 potest,
679 1172 745 1216 nam
761 1162 864 1231 regnat
875 1155 968 1215 adhuc
982 1155 1112 1215 dominus
1126 1157 1157 1214 in
1171 1156 1275 1230 pusillo
1292 1170 1380 1229 grege
1395 1170 1457 1215 suo.

375 1259 491 1320 Deinde
505 1263 686 1322 ecclesiastes
701 1263 781 1322 urbis
795 1267 999 1334 convocarunt,
1023 1260 1092 1335 quid
1107 1258 1299 1321 concluserint
1313 1266 1343 1320 et
1358 1277 1458 1335 accep-

285 1366 415 1426 taverint
428 1364 485 1424 illis
500 1368 672 1441 aperientes.
703 1367 810 1426 Verum
825 1368 893 1440 quia
905 1366 959 1427 filii
972 1368 1057 1441 hujus
1073 1368 1161 1427 seculi
1172 1368 1257 1441 Juxta
1272 1365 1379 1427 Christi
1393 1382 1458 1426 ver·

284 1470 354 1531 bum
367 1470 573 1545 prudentiores
588 1479 664 1547 sunt,
680 1474 753 1533 alias
769 1489 870 1533 causas
884 1474 1077 1549 pretendunt,
1091 1473 1194 1547 jubent
1208 1480 1241 1534 ut
1255 1490 1309 1549 pro
1324 1473 1459 1534 cendone

284 1583 370 1637 caute
384 1577 520 1652 loquendi
535 1581 677 1642 rationem
698 1580 825 1641 habeant
843 1586 873 1641 et
894 1580 1049 1655 diligenter
1063 1588 1183 1642 caveant
1202 1598 1239 1642 ns
1254 1581 1300 1641 vel
1314 1595 1398 1656 papae
1413 1579 1460 1641 vel

284 1684 441 1743 interimici
465 1686 573 1759 negotii
593 1692 693 1760 aperte
714 1688 886 1746 mentionem
905 1686 1048 1762 lacerent,
1075 1688 1128 1747 sed
1147 1686 1267 1748 verbum
1286 1686 1395 1747 domini
1414 1686 1459 1745 in·

284 1788 401 1865 trepide
416 1788 562 1851 docerent.
586 1792 635 1851 Sic
650 1807 687 1851 ex
699 1792 810 1851 Norica
824 1793 896 1852 urbe
911 1792 1043 1853 Samaria
1057 1792 1133 1854 iacta
1148 1801 1200 1854 est.

377 1893 569 1968 eognovimus
592 1901 623 1955 et
642 1897 747 1957 ibidem
765 1898 807 1957 Μ.
828 1897 980 1957 Nicolaum
1003 1897 1115 1985 Gallum
1131 1900 1369 1960 Retisbomnsem
1392 1912 1460 1958 con·

241 2010 244 2015 ·
285 2001 466 2059 cinnatorem
486 2008 547 2061 tum
566 2001 642 2076 apud
663 2003 762 2062 Vitam
781 2018 834 2077 pro
854 2002 973 2066 consilio
994 2000 1191 2065 aOamerario
1214 2004 1417 2065 Ratisbonensi
1431 2007 1461 2062 et

286 2105 473 2166 ecelesiarum
488 2109 657 2183 praesidibus
671 2111 798 2169 missum.

379 2211 513 2273 Ebnerns
527 2219 611 2288 pater
634 2213 719 2289 hujus
743 2220 772 2273 et
786 2228 884 2273 veram
907 2214 1066 2276 doctrinam
1080 2216 1270 2289 Norinbergec
1286 2214 1462 2289 promulgari

288 2318 397 2379 author
419 2321 515 2379 extitit
538 2325 568 2380 et
587 2319 759 2379 electoribus
778 2319 889 2393 aliquot
907 2320 1029 2380 eandem
1049 2323 1177 2396 recipere
1199 2322 1351 2396 persuasit,
1373 2334 1463 2379 verax

288 2426 440 2500 religionis
455 2441 531 2485 verae
545 2423 650 2484 fautor.
689 2423 748 2485 Sed
761 2423 837 2485 filius
860 2426 935 2500 eius,
960 2428 1009 2499 qni
1023 2427 1108 2486 modo
1129 2427 1273 2486 consulem
1289 2426 1359 2499 agit,
1383 2422 1461 2497 quod

287 2536 375 2607 pater
394 2531 451 2589 buc
468 2530 566 2589 intulit
586 2528 665 2589 loros
687 2532 819 2590 extrusit.
857 2530 903 2590 Ita
927 2548 1040 2605 quoque
1061 2532 1207 2593 didicimus
1231 2532 1382 2591 Brentium
1402 2530 1463 2603 jam

289 2635 417 2696 secundo
436 2634 506 2710 iuga
524 2636 662 2709 elapsum.
700 2635 851 2697 confortet
871 2642 902 2696 et
922 2643 1074 2698 conservet
1097 2654 1161 2699 eum
1188 2637 1318 2699 dominus
1336 2638 1367 2696 in
1387 2637 1464 2695 omni

285 2742 354 2801 loco
368 2742 570 2801 dominationis
586 2744 656 2816 ejus.

379 2846 568 2920 Heilprunnae
588 2850 682 2921 primo
705 2849 819 2909 interim
838 2850 912 2911 illud
932 2855 1119 2927 acceptarunt
1133 2851 1200 2913 victi
1214 2852 1301 2913 taedio
1316 2851 1461 2926 Hispano·

288 2970 355 3013 rum
368 2954 500 3027 militurn,
517 2954 655 3028 aquibus
671 2956 775 3015 misere
790 2958 887 3016 vexati
901 2964 978 3017 sunt.

380 3059 408 3118 A
421 3060 679 3135 Ratispunensibus
694 3064 844 3135 responsio
859 3064 994 3138 exigitur,
1017 3064 1095 3137 quod
1109 3065 1165 3123 nisi
1178 3062 1237 3123 tale
1251 3060 1347 3139 fuerit,
1363 3066 1396 3120 ut
1410 3076 1464 3120 cae-

289 3167 352 3226 sari
367 3166 489 3241 placeat,
506 3172 574 3227 ante
588 3167 664 3227 diem
678 3166 783 3226 Martis
798 3168 967 3242 proximam,
991 3166 1087 3228 Caesar
1109 3171 1178 3242 ipsis
1193 3170 1378 3243 Hispanicam
1392 3168 1465 3226 mili·

288 3274 362 3332 tiam
378 3277 408 3331 et
422 3273 576 3331 missurum
591 3278 621 3332 et
635 3274 816 3333 ecclesiastes
831 3272 892 3345 ipse
908 3273 1113 3346 coherciturus,
1129 3274 1185 3331 illis
1201 3274 1336 3333 minatur.

383 3377 463 3439 Nota
484 3379 521 3439 de
540 3381 650 3454 pietate
673 3379 799 3454 Philippi
821 3378 1000 3438 Pomerianae
1015 3377 1108 3453 ducis,
1126 3378 1188 3451 qui,
1204 3386 1268 3435 cum
1283 3378 1350 3437 olim
1365 3392 1383 3435 a
1397 3375 1464 3435 vito

293 3492 325 3547 et
340 3486 405 3547 aliis
419 3488 450 3545 in
465 3488 585 3547 comitiis
600 3490 839 3563 interrogaretur,
855 3484 992 3560 quidnam
1008 3482 1040 3542 G.
1051 3484 1080 3543 S.
1096 3482 1251 3557 rideretur,
1268 3476 1419 3555 numquid
1434 3480 1465 3538 in

290 3592 434 3667 religione
448 3592 555 3652 ibidem
576 3595 622 3667 agi
645 3609 730 3667 posse
749 3597 909 3667 putaretur,
924 3589 1086 3665 respondit:
1110 3589 1177 3650 Non
1192 3589 1276 3649 video
1290 3589 1336 3647 hic
1350 3591 1464 3647 conmo-

291 3699 396 3757 rersiis
416 3697 526 3757 mederi
549 3700 595 3758 vel
615 3716 699 3772 posse
718 3700 764 3758 vel
779 3700 864 3760 etiam
886 3700 1011 3773 aliquem
1025 3697 1112 3773 velle,
1143 3696 1200 3755 Esz
1215 3697 1294 3755 wirte
1309 3684 1395 3770 aber,
1413 3692 1466 3752 der

293 3805 390 3865 obenn
408 3802 480 3864 rber
502 3804 555 3863 der
574 3804 685 3865 blawen
706 3804 825 3865 Decken
846 3805 925 3879 sitrt,
946 3803 1012 3863 moll
1025 3801 1145 3861 muchan
1160 3808 1214 3861 etc.
1253 3802 1282 3860 Is
1297 3802 1373 3860 enim
1388 3799 1465 3859 solus

293 3924 363 3967 vere
378 3906 464 3967 dicit:
489 3908 599 3968 Goelum
613 3910 682 3970 mihi
697 3910 780 3969 sedes
796 3915 840 3970 est
854 3914 884 3970 et
896 3914 976 3969 terra
991 3907 1146 3969 scabellum
1161 3912 1215 3967 etc.

382 4012 434 4071 Ait
447 4014 531 4073 Vitus
547 4030 578 4072 se
593 4031 651 4074 non
667 4013 816 4088 dubitare,
843 4016 912 4087 quin
928 4014 1059 4073 dominus
1075 4014 1156 4073 brevi
1178 4013 1294 4087 aliquod
1309 4013 1467 4074 remedium

293 4118 356 4192 ipse
372 4120 530 4193 excogitet,
554 4136 610 4193 qno
629 4120 749 4193 pusillus
769 4136 841 4195 grex
854 4120 976 4193 domini,
1000 4120 1150 4194 quiquam
1169 4121 1299 4194 exiguus,
1322 4120 1425 4193 inquit,
1449 4134 1467 4177 o

294 4238 400 4297 comes,
416 4222 530 4283 iuturus
545 4229 599 4299 est,
616 4226 640 4283 si
655 4225 730 4284 tales
744 4225 928 4300 respublicae,
944 4230 977 4284 nt
991 4224 1188 4298 Norinberga,
1206 4222 1389 4296 decesserint,
1406 4239 1467 4281 ser-

295 4334 389 4390 vetur.
412 4328 488 4388 Illud
503 4333 599 4389 autem
614 4345 672 4389 non
687 4334 817 4389 nostrum
833 4335 876 4388 est
890 4334 980 4389 metas
997 4329 1051 4407 deo
1062 4331 1108 4390 vel
1120 4329 1256 4388 terminos
1270 4327 1467 4401 praescribere,

295 4441 327 4496 et
339 4436 453 4496 interea
466 4436 603 4511 temporis
627 4437 751 4495 cratoni
772 4450 837 4493 cum
851 4434 1010 4496 christiana
1023 4436 1163 4509 patientie
1181 4432 1347 4492 instandum
1362 4436 1416 4507 cst,
1440 4436 1470 4491 et

296 4544 353 4602 erit
367 4541 523 4615 aliquando
538 4546 650 4614 tempus
672 4558 735 4599 eum
755 4556 846 4600 caesar
860 4540 922 4599 haec
935 4558 968 4601 se
991 4556 1049 4598 non
1063 4536 1165 4598 fecisse
1180 4538 1300 4612 optabit.
1340 4538 1470 4597 Tandem

296 4651 365 4721 post
377 4647 483 4706 multos
504 4647 582 4707 inter
600 4664 653 4707 nos
675 4645 789 4705 habitos
810 4662 956 4706 sermones
977 4662 1030 4705 uos
1050 4660 1114 4703 oum
1133 4643 1332 4705 benedictione
1352 4643 1468 4719 dimisit,

297 4752 412 4827 dicens,
436 4767 468 4812 se
491 4753 575 4812 deum
598 4759 656 4827 opt.
677 4768 751 4810 max.
768 4757 965 4827 precaturnm,
988 4754 1022 4810 nt
1042 4765 1087 4809 me
1108 4749 1138 4808 in
1159 4750 1356 4811 misericordia
1371 4766 1424 4811 sua
1438 4753 1470 4810 iu

295 4854 416 4917 mrsu
429 4862 608 4919 munientem
622 4859 783 4919 conservet.
808 4837 810 4841 ⁸

1153 5003 1158 5009 -
1184 4966 1226 5026 14
1241 4960 1258 4999 *
