3700 5692
959 719 1022 787 112

407 904 499 962 minus
514 903 562 963 ille
586 905 711 975 omnium
730 908 814 977 peter.
835 902 970 977 dignetur
985 902 1109 977 donare,
1132 907 1165 962 ut
1184 904 1215 962 iu
1230 900 1344 966 domiuo
1359 918 1422 963 eum
1436 904 1561 965 sollicitu-

407 1009 474 1067 dine
488 1009 669 1084 magistratus
683 1010 812 1083 praesint,
828 1008 936 1067 subditi
948 1007 1139 1083 obedientium
1147 1006 1276 1068 debitam
1285 1012 1425 1083 praestent
1438 1008 1476 1069 ud
1484 1008 1563 1069 diuini

407 1116 451 1172 sui
466 1114 588 1173 nominis
602 1114 740 1174 honorem
754 1121 785 1174 et
798 1115 896 1188 populi
910 1110 1080 1187 profectum.
1103 1114 1206 1173 Amen.

495 1220 548 1279 Usi
562 1236 658 1279 sumus
672 1225 702 1278 et
715 1218 744 1278 d.
761 1218 858 1279 caroli
871 1218 1000 1279 consilio.
1038 1217 1148 1278 Eadem
1163 1218 1232 1278 Otto
1247 1234 1341 1278 comes
1355 1234 1374 1277 e
1389 1216 1562 1292 scientem,

407 1323 617 1399 archipraesulis
640 1324 818 1384 coloniensis
837 1340 989 1398 germanus
1012 1323 1103 1385 freter
1127 1324 1276 1385 advenisse
1300 1324 1458 1384 dicebatur.
1495 1323 1565 1383 hiar-

407 1429 521 1488 chalcus
542 1429 715 1503 Schomberg
738 1434 768 1489 et
786 1430 918 1490 dominus
933 1446 952 1489 a
970 1430 1120 1504 Zeltingen
1139 1445 1244 1505 operas
1258 1446 1325 1489 suas
1352 1426 1436 1489 nohis
1456 1428 1566 1502 polliciti

407 1542 481 1608 sunt,
498 1534 548 1593 sed
562 1534 688 1594 Nasonis
702 1550 794 1594 more:
823 1534 963 1594 Pollicitis
979 1533 1059 1595 dives
1074 1534 1194 1609 quilibet
1208 1551 1271 1595 esse
1285 1537 1391 1609 potest.
1431 1532 1471 1594 Et
1484 1549 1564 1608 greve

408 1645 452 1697 est
465 1639 544 1713 vulpi
558 1640 650 1699 leonis
663 1640 769 1699 malam
783 1641 906 1713 gratiam
921 1640 1004 1699 inire.

495 1743 606 1804 Ecdem
621 1744 791 1804 Wilhelmus
809 1760 903 1804 comes
922 1745 1069 1805 allusion
1091 1760 1144 1819 per
1158 1743 1292 1803 lindiam
1316 1742 1399 1804 nobis
1423 1742 1565 1803 dicituro

407 1848 465 1922 ιιι,
495 1848 737 1922 archiepiscopum
761 1848 953 1909 coloniensem
979 1849 1015 1909 de
1034 1849 1131 1908 multis
1150 1849 1278 1924 inJ’uriis,
1302 1848 1406 1923 quibus
1429 1854 1459 1908 et
1471 1850 1568 1921 ipscet

408 1950 517 2012 subditi
534 1955 581 2012 sni
598 1970 617 2013 a
637 1954 719 2013 nobis
738 1953 834 2013 adecti
852 1960 962 2028 essent,
989 1957 1176 2027 conquestum
1196 1970 1272 2025 esse,
1296 1958 1326 2013 et
1349 1954 1405 2013 nisi
1426 1955 1567 2013 comitere

408 2058 549 2123 Waldech
564 2060 640 2133 apud
654 2075 720 2118 suos
735 2064 885 2134 curarent,
906 2065 939 2119 ιιι
954 2059 988 2117 ιιι
1003 2060 1089 2120 rebus
1105 2057 1350 2134 supersederctur,
1375 2056 1567 2119 Goloniensem

407 2164 455 2223 uel
468 2166 595 2225 crastino
609 2164 683 2224 velle
698 2165 895 2224 executionem
908 2162 1039 2223 mandeti
1053 2169 1082 2223 et
1093 2165 1168 2238 juris
1183 2181 1203 2224 a
1217 2163 1331 2223 Caesure
1346 2168 1459 2238 petere.

496 2269 605 2329 Eadem
619 2269 755 2329 Nicolans
770 2270 865 2329 Maior
879 2270 1040 2329 licentiatus
1062 2286 1114 2343 per
1134 2268 1300 2331 schedulam
1314 2266 1495 2343 significavit,
1511 2281 1568 2341 qus

408 2372 570 2433 Balthassn'
585 2389 605 2433 s
618 2372 784 2448 Gnltlinqen
796 2390 850 2434 suo
865 2374 980 2433 nomine
995 2373 1199 2447 perscribenda
1214 2380 1319 2435 essent

496 2478 579 2537 Mots
599 2482 645 2538 est
663 2479 767 2539 seditio
785 2479 862 2539 inter
880 2479 1028 2539 institores
1047 2484 1078 2539 et
1091 2478 1218 2555 pedites,
1243 2478 1366 2540 seduno
1381 2484 1413 2539 et
1428 2479 1518 2539 altero
1538 2490 1568 2534 ιι

408 2583 552 2655 peditibus
566 2583 635 2643 loeso
649 2600 697 2643 res
710 2600 779 2643 mor
792 2585 942 2658 consopita
957 2588 1010 2643 ιιι.

495 2686 605 2747 Eadem
621 2687 741 2748 Carolus
756 2704 775 2747 a
790 2688 933 2765 Stoclrem,
949 2688 1066 2749 comites
1080 2688 1207 2751 loannes
1223 2694 1253 2751 ιι
1263 2689 1393 2751 Eubulus
1409 2642 1515 2749 ιιιιιιι
1528 2700 1570 2745 ιιι

408 2792 528 2866 petiere.

498 2893 720 2973 christophorus
740 2899 799 2959 dux
818 2899 1037 2975 aWirtenberg
1059 2902 1181 2974 equites'
1188 2901 1299 2975 aliquot
1317 2900 1453 2973 Augusta
1467 2900 1570 2970 ablega·

408 3000 532 3075 vit,quo
546 3003 630 3063 nobis
643 3004 756 3061 caeteris
770 3004 816 3063 hic
830 3020 940 3065 morum
955 3005 1143 3080 nectentibus,
1158 3009 1191 3065 ut
1206 3005 1262 3065 dici
1275 3006 1357 3079 solet,
1374 3006 1479 3065 solatio
1494 3008 1569 3063 esset

409 3105 463 3177 Qui
476 3106 610 3184 respicis,
633 3108 728 3184 Deus,
750 3125 865 3169 causam
879 3106 978 3170 afflicti
994 3116 1024 3171 et
1037 3112 1145 3187 inopis,
1167 3125 1205 3170 ne
1219 3116 1335 3172 tuorum
1349 3109 1526 3201 obliviscaris
1545 3108 1571 3164 in

408 3208 511 3271 finem!

496 3317 530 3376 In
544 3320 691 3379 mansione
706 3320 794 3395 Viglii
809 3320 967 3381 Zueichem
982 3320 1087 3396 parieti
1101 3320 1257 3396 ascriptum
1271 3320 1406 3396 legimns:
1422 3320 1499 3381 Dieu
1512 3332 1570 3376 mon

410 3422 506 3497 espoir
520 3428 550 3483 ct
564 3422 686 3485 confort.

495 3528 562 3589 lem
580 3531 662 3603 quasi
680 3546 734 3606 per
756 3530 906 3591 continuos
929 3530 1040 3605 aliquot
1027 3531 1124 3591 tdies
1145 3531 1290 3606 principes
1312 3529 1434 3591 concilia
1447 3482 1570 3603 frequen·

407 3636 519 3693 uruntl
615 3669 619 3677 =

496 3755 553 3797 ιιι
574 3740 647 3814 hlqji
667 3738 797 3800 dominus
815 3741 942 3801 loannes
963 3740 1105 3801 Hemicus
1124 3741 1189 3803 loco
1211 3746 1240 3802 et
1261 3742 1333 3801 hora
1351 3742 1496 3801 consuetis
1514 3745 1569 3799 ter-

408 3846 473 3903 tum
482 3843 611 3918 epistole
625 3845 710 3904 Pauli
723 3844 762 3904 sd
775 3844 921 3905 Romanos
937 3862 1049 3921 excep.
1070 3849 1107 3907 13
1129 3851 1296 3923 prosecutus
1315 3851 1372 3906 est:
1392 3847 1468 3921 «Qui
1482 3850 1569 3907 auten

408 3949 484 4021 petri
498 3949 669 4024 restiterint,
693 3950 748 4009 sibi
766 3950 836 4025 ipsis
853 3951 993 4025 iudicium
1013 3952 1162 4027 accipient
1193 3952 1269 4011 llam
1287 3952 1432 4026 principes
1446 3966 1504 4009 non
1517 3954 1568 4007 ter·

409 4051 468 4109 rori
483 4058 551 4110 sunt
564 4052 637 4111 bene
651 4056 811 4130 egentibus,
834 4054 887 4115 sed
900 4058 984 4116 male.
1015 4059 1066 4117 Vis
1085 4063 1181 4117 sutem
1200 4072 1257 4116 non
1271 4058 1373 4117 timere
1386 4050 1569 4130 potestatem?

409 4154 491 4227 Quod
505 4155 611 4217 bonum
626 4165 670 4219 est
683 4157 780 4234 lecito,
796 4166 826 4220 et
839 4158 914 4221 ieras
932 4160 1047 4222 laudem
1066 4162 1104 4222 ub
1122 4162 1181 4223 illa.
1211 4162 1268 4221 Dei
1286 4163 1362 4223 enim
1381 4162 1511 4221 minister
1525 4155 1570 4217 tibi

399 4262 439 4320 'in
452 4262 566 4323 bonum.
598 4264 681 4337 Quod
695 4266 721 4324 si
734 4264 837 4326 feceris
851 4268 883 4327 id
897 4268 975 4340 quod
990 4268 1096 4327 malum
1113 4271 1167 4343 est,
1189 4269 1268 4327 time.
1298 4268 1365 4328 Non
1380 4269 1456 4327 enim
1469 4265 1570 4325 frustm

408 4366 535 4440 qlsdium
548 4375 651 4443 gestat.
682 4371 758 4429 Nam
772 4370 828 4429 Ilei
841 4372 972 4433 minister
987 4378 1040 4447 est,
1064 4374 1140 4432 ultor
1154 4373 1193 4433 ad
1211 4373 1283 4433 iram
1299 4373 1326 4433 ei
1345 4372 1403 4446 qui,
1425 4368 1501 4445 quod
1514 4382 1568 4426 ms·

408 4471 468 4531 lum
482 4480 535 4548 est,
557 4472 667 4535 iecerit.
698 4476 881 4551 Quapropter
901 4482 1015 4550 oportet
1034 4494 1096 4539 csse
1111 4478 1249 4553 subditos,
1270 4494 1328 4538 non
1349 4478 1439 4537 solum
1457 4478 1569 4551 propter

408 4579 496 4653 ιιιιιι,
518 4596 618 4640 uerum
638 4581 726 4640 etiam
746 4586 868 4659 propter
888 4584 1122 4643 conscientiam«
1160 4584 1243 4643 Fecit
1262 4589 1358 4644 cutem
1378 4584 1493 4644 brevem
1512 4574 1569 4635 heri

409 4682 549 4743 diciorum
569 4686 843 4759 recapitulationem.
880 4688 992 4747 Deinde
1013 4687 1048 4749 dc
1068 4689 1192 4749 utilitate
1211 4690 1376 4764 potestatis,
1400 4686 1567 4763 potissimum

409 4790 525 4849 comsit
544 4789 687 4850 ordinatio
706 4790 761 4855 Dei
779 4793 855 4853 hona
875 4792 959 4854 nobis
978 4794 1009 4852 in
1028 4794 1159 4855 bonum·
1181 4794 1261 4855 Deus
1275 4794 1359 4869 enim,
1381 4794 1483 4867 inquit,
1505 4786 1568 4848 nihil
