3700 5692
880 693 925 764 23

311 881 391 949 diam
404 880 516 942 literae.
554 878 587 939 ei
606 878 695 954 igltur
708 878 783 953 quid
800 877 838 940 ad
852 876 969 941 effluam
983 884 1034 941 aut
1048 894 1176 942 sororem
1191 880 1426 958 scribere-«velim,
1448 900 1481 945 se

312 988 501 1049 temtamina
514 986 586 1060 ipsis
600 983 700 1044 liora
714 983 881 1045 motuum,
1481 970 1484 979 “

403 1092 553 1167 Quoniam,
568 1088 772 1166 benignissime
785 1096 879 1166 pater,
895 1092 980 1152 hodie
995 1108 1047 1167 per
1061 1108 1223 1167 praeconem
1237 1094 1318 1153 verbi
1339 1094 1382 1154 tui
1397 1094 1482 1168 iuxta

310 1198 513 1275 praescriptum
526 1198 599 1271 eius,
614 1210 699 1269 quem
712 1196 804 1255 solum
817 1212 871 1255 uos
883 1196 985 1257 audire
997 1198 1117 1271 iussisti,
1132 1196 1300 1259 benefacere
1314 1202 1401 1259 etiam
1414 1214 1480 1273 per·

312 1303 498 1379 sequentihus
517 1316 570 1361 nos
592 1300 819 1376 edoceamus,
845 1305 877 1361 te
900 1303 1067 1377 suppliciter
1090 1302 1278 1379 deprecamur
1304 1302 1481 1382 (figmentum

311 1410 389 1470 euim
404 1412 534 1469 nostrum
548 1404 647 1482 moad),
664 1406 702 1466 da
715 1406 799 1466 uobis
813 1407 946 1481 spiritum
960 1412 1040 1467 tuum
1055 1409 1159 1469 bouum
1180 1414 1211 1469 et
1225 1425 1288 1469 eam
1301 1418 1433 1482 mentem,
1449 1415 1481 1469 ut

311 1518 463 1589 sperantes
478 1513 509 1571 iu
522 1517 553 1570 te
565 1510 711 1586 proximos
734 1526 861 1574 ememus
884 1518 914 1572 et
929 1513 1057 1573 odientes
1076 1528 1129 1573 nos
1143 1512 1348 1597 beneiaaieudo
1363 1526 1480 1591 supere*-

311 1636 385 1695 mus,
401 1618 568 1693 per'Jesum
583 1615 729 1677 (ihr-istum
742 1616 896 1677 Dominum
911 1625 1050 1679 nostrum.
1074 1620 1174 1679 Amen.

402 1724 454 1798 viij
468 1722 544 1797 hirji
557 1724 589 1782 iu
602 1722 735 1783 coenobio
749 1724 891 1782 minorum
898 1724 1026 1798 quidam,
1042 1726 1124 1799 cujus
1138 1740 1242 1786 nomeu
1256 1728 1325 1787 mihi
1339 1730 1480 1802 ignotum
1517 1736 1519 1740 ’

312 1847 351 1891 ex
366 1846 429 1904 cap.
446 1830 469 1887 ii
479 1828 567 1905 Lucae
573 1827 767 1901 Euangehstae
781 1829 994 1903 paragraphum
1009 1828 1084 1889 hunc
1098 1831 1183 1905 legit:
1210 1832 1268 1891 «Et
1282 1833 1323 1891 ait
1336 1833 1401 1906 illis,
1419 1834 1481 1906 quis

310 1940 439 1997 veebum
453 1934 572 1995 hebebit
584 1935 720 2006 amicum,
743 1933 782 1994 ad
802 1950 886 2009 quem
909 1940 958 1993 eat
971 1933 1066 1993 media
1081 1940 1164 1995 noete
1179 1941 1209 1995 et
1223 1936 1300 1995 dicet
1314 1937 1365 2012 illi,
1381 1940 1480 2011 amice,

313 2042 353 2102 de
366 2041 436 2100 mihi
453 2044 552 2098 mutuo
566 2044 627 2099 tres
641 2053 741 2114 panes,
758 2040 893 2113 quoniam
913 2040 1020 2097 amicus
1040 2054 1120 2098 meus
1135 2041 1214 2101 veuit
1228 2041 1264 2101 de
1278 2042 1325 2099 via
1340 2042 1378 2102 ad
1392 2058 1437 2101 me
1453 2048 1482 2101 et

310 2162 371 2207 uon
383 2146 478 2207 habeo
494 2144 573 2220 qnod
582 2144 785 2220 apponemini,
801 2150 833 2205 et
848 2144 897 2203 ille
909 2145 988 2203 intus
1003 2144 1195 2219 respondeat»
1207 2149 1261 2205 etc.
1278 2150 1307 2206 et
1321 2147 1480 2220 proximum

308 2253 378 2313 huic
399 2252 558 2314 adhaerenti
573 2250 667 2329 (emi)
681 2250 909 2327 paragraphum:
940 2248 1000 2309 «Et
1015 2248 1079 2309 dieo
1093 2250 1186 2323 vobis,
1210 2251 1299 2325 petite
1322 2256 1351 2310 et
1365 2251 1481 2311 debitur

311 2359 406 2431 vobis,
428 2357 550 2432 quemne
571 2361 602 2415 et
619 2358 787 2432 inuenietis,
810 2357 924 2433 pulsate
944 2360 973 2414 et
993 2356 1138 2429 aperietur
1153 2355 1241 2419 vobis.
1282 2354 1380 2415 Omnis
1393 2358 1479 2430 ¹carim,

311 2467 363 2540 qui
378 2464 462 2541 petit,
477 2462 589 2537 accipit,
606 2462 699 2533 etqui
714 2462 819 2535 quaerit
831 2460 941 2521 iurauit
954 2463 984 2519 et
998 2460 1125 2533 pulsanti
1139 2462 1316 2534 aperietur.‹
1338 2462 1481 2524 Disseruit

309 2570 400 2645 igitur
414 2569 452 2629 de
472 2566 691 2626 meticulositate
717 2571 829 2627 nature
850 2566 957 2627 veteris
978 2567 1069 2627 noshi
1082 2566 1186 2627 Adami
1204 2568 1235 2625 in
1250 2568 1370 2627 orando.
1408 2569 1480 2629 Item

309 2673 455 2751 quomode
468 2672 546 2732 idem
558 2671 688 2731 dominus
703 2685 800 2732 navos
819 2678 964 2747 corruptae
979 2679 1085 2733 nostrae
1100 2679 1211 2734 nature
1226 2674 1409 2735 considerans
1424 2690 1480 2735 me·

308 2780 374 2840 dius
396 2777 489 2839 iactus
507 2778 584 2838 iuter
602 2775 695 2838 Mum
715 2782 745 2837 et
764 2777 920 2853 hominem,
949 2779 1004 2838 hac
1022 2778 1207 2839 similitudine
1226 2780 1395 2839 audaciores
1417 2796 1479 2841 corr

309 2886 496 2958 deticreeqne
516 2883 556 2942 ad
574 2882 715 2943 orandum
736 2898 790 2942 nos
808 2883 932 2943 reddere
954 2885 1086 2944 voluerit.
1124 2886 1196 2943 Item
1217 2885 1282 2957 quis
1304 2884 1353 2943 ille
1374 2886 1480 2959 amicus

309 2991 469 3063 dormiens,
493 3002 579 3062 quem
599 2985 610 3023 ¹
633 2989 729 3049 media
750 2994 848 3063 nocte,
871 2989 927 3049 boc
949 2994 993 3049 est
1014 2990 1077 3065 ipso
1100 2990 1253 3051 tenebroso
1275 2984 1406 3063 tempore'
1427 3006 1479 3053 an·

308 3102 402 3173 gusto
416 3092 580 3154 afflictionis
600 3099 630 3153 et
643 3095 795 3168 ingruente
814 3094 984 3154 emanata
999 3094 1218 3169 expergefacere
1238 3095 1412 3167 studeamus,
1436 3095 1479 3154 di·

308 3206 407 3263 centes
428 3214 493 3259 cum
515 3199 671 3274 propheta:
689 3196 855 3272 *Exurge
886 3197 1015 3273 domiue,
1046 3216 1135 3275 qnare
1157 3200 1343 3261 aeternae«
1383 3201 1478 3273 Quan-

307 3312 371 3367 tum
393 3306 470 3365 euim
492 3303 576 3365 uehis
602 3308 632 3364 et
659 3302 767 3363 timidae
793 3307 900 3362 nostre
928 3303 966 3363 ad
992 3320 1074 3363 omne
1102 3305 1207 3366 bonnm
1233 3311 1359 3379 naturae,
1387 3306 1481 3365 Deum

312 3411 456 3487 dormire,
480 3424 583 3484 preces
602 3415 717 3469 normes
737 3425 796 3468 uon
818 3408 954 3469 emndire
975 3416 1005 3470 et
1026 3425 1079 3469 nos
1100 3410 1245 3485 negligere
1267 3411 1411 3484 uisatur,
1434 3416 1478 3470 te-

308 3532 376 3577 men
398 3518 424 3575 si
445 3520 528 3575 muta
548 3515 764 3588 importunitate
786 3530 851 3573 eum
877 3515 1037 3589 pulsemus,
1065 3516 1220 3576 clementer
1247 3531 1300 3575 nos
1329 3516 1477 3599 exauditu-

306 3638 360 3682 rus
382 3623 435 3696 sit,
457 3619 589 3696 praehens
611 3618 694 3679 uobis
715 3636 820 3694 panem
841 3624 872 3678 et
892 3621 1062 3681 necessaria.
1101 3620 1183 3693 Quod
1209 3622 1339 3696 exemplo
1362 3622 1478 3699 canani·

306 3727 377 3788 tidie
398 3726 526 3785 mulieris
548 3730 663 3801 pateat,
694 3725 856 3799 etreliqua
876 3725 1020 3786 ordineis
1041 3727 1220 3795 ecclesiastes
1241 3728 1478 3803 prosequebatur.

308 3833 385 3907 Quia
405 3835 501 3892 autem
526 3831 647 3892 antehac
667 3832 763 3906 ipsum
785 3845 843 3890 nou
864 3831 1037 3907 andivimus,
1062 3830 1176 3893 difficile
1198 3838 1275 3907 erat,
1299 3836 1395 3893 omnia
1417 3834 1479 3908 ejus

307 3939 400 4000 verba
421 3939 545 4011 assequi.
591 3936 737 3997 Ohriatum
759 3951 828 3997 vere
849 3938 956 3996 cahom
977 3954 1040 3998 esse
1062 3940 1190 4015 unicum,
1227 3941 1281 4001 hoc
1304 3942 1366 4001 sine
1390 3930 1477 4000 inter-

308 4046 446 4105 missione
470 4058 534 4103 esse
552 4041 724 4119 pulsandum
738 4041 820 4102 dixit.
855 4042 996 4117 Maleus,
1018 4058 1075 4118 quo
1093 4045 1223 4120 pulsetur
1245 4045 1385 4119 Christus,
1408 4044 1479 4108 fides

310 4154 363 4225 est,
379 4150 444 4209 siue
457 4165 515 4223 qna
528 4145 712 4223 impossibile,
728 4151 805 4209 teste
819 4146 922 4221 Paulo,
938 4164 1019 4208 noae
1033 4149 1095 4209 Deo
1111 4150 1249 4211 exaudiri.
1271 4153 1371 4211 Vetuit
1385 4157 1479 4211 autem

309 4272 347 4317 ne
362 4255 401 4315 de
416 4254 475 4314 alio
489 4256 679 4314 intercessore
692 4258 807 4314 mortuo
817 4256 1018 4329 eegibremus,
1034 4270 1086 4315 nec
1095 4256 1157 4315 heac
1167 4256 1257 4315 verba
1271 4256 1353 4315 uobis
1369 4257 1479 4329 exiguae

310 4359 501 4423 consohhoui
515 4374 578 4419 asse
592 4358 712 4433 debere,
734 4360 812 4434 quod
827 4358 957 4419 chr-imm
978 4360 1099 4419 dxerit:
1125 4360 1216 4418 <Dico
1235 4358 1325 4430 vobis,
1346 4358 1424 4431 quod
1442 4360 1479 4420 cb

310 4464 557 4543 importunitatem
574 4464 638 4537 ejus
653 4458 775 4538 exurget
788 4471 819 4525 et
832 4464 914 4525 dabit
927 4464 979 4536 illi,
995 4464 1131 4538 quiequid
1145 4478 1217 4538 opus
1230 4461 1347 4535 habet»
1377 4464 1477 4523 eohor-

312 4577 378 4631 taua
393 4584 457 4641 nes,
473 4572 507 4629 ut
519 4574 631 4629 remma
645 4570 721 4630 omni
740 4571 873 4631 socordia
887 4573 917 4629 et
932 4568 1121 4643 negligentia,
1145 4568 1190 4626 his
1208 4568 1330 4627 maxime
1344 4568 1478 4649 tempori<

889 4700 906 4736 a

385 4790 399 4837 1
417 4782 505 4837 haebr.
523 4783 558 4835 ad
575 4798 661 4852 quem.
