3700 5692
944 752 1010 819 226

386 953 491 997 novum
505 940 709 996 testamentum
728 953 746 997 a
766 936 884 995 doctore
898 934 1027 995 Luthero
1044 937 1204 1011 germanice
1219 950 1333 995 versum
1351 934 1511 1013 incidimus,
1522 940 1558 999 in

387 1046 467 1118 cujus
481 1042 571 1116 foliis,
593 1059 657 1117 qua
676 1042 751 1102 libro
770 1041 891 1118 praefixa
906 1045 1002 1115 erant,
1027 1058 1114 1101 manu
1129 1033 1227 1101 socrus'
1241 1043 1358 1116 propria
1371 1044 1434 1102 haec
1449 1045 1558 1119 scripta

387 1149 509 1208 vidimus
524 1165 558 1207 ac
572 1148 662 1208 latine
676 1154 821 1223 utcunque
835 1147 1026 1208 reddidimus:
1051 1148 1156 1207 »Anno
1172 1147 1279 1206 domini
1303 1149 1385 1208 1526
1402 1150 1479 1210 11151
1494 1166 1558 1223 sep
1594 1168 1597 1175 ’

386 1256 485 1313 timam
500 1261 529 1314 et
544 1259 673 1315 octavam
688 1256 775 1314 horas
789 1254 927 1329 invigilia
941 1254 1085 1329 paschatis
1102 1254 1132 1312 in
1148 1269 1214 1313 5155
1221 1252 1360 1313 Amstadt
1374 1255 1428 1315 sub
1442 1260 1557 1315 noctem

385 1360 689 1420 1515551115515515.
728 1358 815 1419 Anno
834 1360 943 1419 domini
967 1360 1049 1419 1527
1067 1360 1207 1419 11515515
1223 1365 1290 1419 ante
1304 1358 1407 1421 festum
1421 1358 1557 1433 purifica·

385 1467 471 1526 tionis
486 1466 589 1526 Mariae
612 1472 698 1527 natus
716 1464 772 1526 fuit
784 1466 926 1525 Henricns
945 1467 976 1524 in
991 1464 1140 1525 Arnstadt.
1179 1464 1263 1525 Anno
1279 1465 1390 1525 'domini
1409 1468 1494 1526 1529
1511 1466 1557 1527 die

386 1572 490 1631 Martis
522 1577 590 1647 post
617 1573 733 1632 Laetare
763 1572 841 1633 inira
862 1588 967 1632 nonam
991 1576 1020 1631 et
1047 1570 1184 1630 decimam
1209 1576 1294 1630 natus
1317 1575 1361 1631 est
1384 1570 1556 1632 Wilheimus

386 1678 529 1737 Hemicus
543 1678 573 1737 in
588 1677 768 1738 Rudelstadt.
801 1676 886 1737 Anno
905 1678 990 1737 1530
1012 1676 1058 1737 die
1074 1675 1164 1735 Lonae
1184 1682 1250 1751 post
1263 1677 1436 1737 visitationis
1450 1678 1556 1737 Mariae

384 1784 559 1843 transeuntis
574 1790 709 1843 montana
723 1782 800 1842 inira
814 1788 946 1856 quartam
963 1788 992 1842 51
1007 1782 1134 1855 quintam
1149 1781 1236 1842 horas
1257 1786 1323 1842 anta
1339 1780 1489 1841 meridiem
1503 1798 1554 1843 na·

384 1894 431 1947 tus
446 1893 490 1947 551
505 1888 671 1947 Gnntherus
685 1888 846 1948 Wilhemus
860 1888 892 1947 in
905 1886 1085 1948 Rudelstadt.
1109 1886 1194 1947 Anno
1210 1886 1316 1947 domini
1334 1888 1418 1947 1538
1434 1888 1466 1946 11
1481 1889 1554 1962 vigi-

383 1995 423 2054 lia
437 1994 629 2067 conceptionis
643 1994 747 2053 Mariae
767 2000 836 2053 nata
858 1999 902 2053 551
915 1992 1000 2053 Anna
1014 1992 1111 2052 Maria
1130 1990 1206 2054 inira
1225 1999 1335 2053 sextam
1357 1998 1388 2053 et
1402 1995 1554 2069 septimam

385 2106 496 2160 noctem
510 2115 609 2158 versus
624 2102 654 2158 in
669 2099 841 2161 Rudelstadt
861 2106 890 2160 et
903 2101 965 2159 haec
979 2101 1131 2174 posthuma
1149 2104 1202 2159 551.
1240 2098 1326 2158 Anno
1341 2098 1449 2159 domini
1469 2100 1552 2159 1528

383 2209 430 2268 115
445 2207 536 2268 Lunae
550 2215 617 2284 post
630 2208 747 2269 Laetare
763 2212 830 2267 5115
849 2206 1046 2267 duodecimum
1061 2205 1152 2266 noctis
1166 2210 1236 2265 1515
1251 2211 1296 2265 551
1309 2204 1432 2265 Aemilia
1446 2207 1478 2265 in
1492 2206 1552 2265 Ru-

385 2314 518 2376 delstadt.
556 2317 603 2374 Ex
621 2314 667 2373 his
689 2320 843 2389 supersunt
865 2320 980 2373 staura
1001 2310 1094 2372 adhuc
1106 2310 1241 2371 fruamur
1256 2312 1382 2371 aetherea
1396 2310 1553 2372 Anastasia

383 2437 460 2479 nunc
474 2422 618 2481 comitissa
632 2422 662 2480 iu
677 2420 825 2495 Waldsck,
840 2418 950 2481 habens
964 2417 1051 2478 filiam
1068 2434 1104 2477 51
1118 2418 1232 2479 Eubulo
1247 2418 1350 2477 marito
1366 2416 1553 2479 Catharinam

383 2529 509 2600 nomine3
526 2527 658 2601 Aemilia,
674 2542 738 2601 quae
754 2530 820 2586 anto
836 2542 927 2585 annos
942 2525 1045 2585 abhinc
1054 2530 1118 2584 octo
1134 2526 1186 2587 snb
1202 2524 1411 2585 conditionibus
1425 2524 1550 2598 despon-

382 2638 446 2692 sata
461 2639 505 2693 est
520 2632 668 2693 Gunthero
685 2632 827 2692 Guntheri
841 2631 952 2692 comitis
967 2646 985 2690 a
1000 2630 1237 2704 Schwartzburglr
1255 2626 1328 2704 filio,
1354 2630 1405 2690 sed
1425 2629 1552 2689 nondam

382 2740 489 2811 nuptiae
504 2746 629 2812 peractae
647 2744 723 2814 sunt,
737 2738 823 2798 Anna
835 2738 932 2798 Maria
948 2736 1002 2795 hoc
1017 2752 1093 2795 anno
1108 2736 1242 2796 decennis
1256 2735 1417 2810 posthuma.
1431 2734 1552 2796 Fratres

382 2860 450 2903 vero
469 2843 593 2905 11151155
612 2862 709 2905 omnes
737 2862 754 2904 5
769 2845 828 2905 vita
842 2846 1009 2919 migrarant.
1047 2842 1170 2903 Domina
1186 2842 1265 2916 deus,
1280 2842 1356 2901 inter
1371 2842 1452 2917 cujus
1467 2845 1550 2903 innn-

382 2965 476 3010 meras
498 2951 599 3011 laudes
619 2958 649 3011 et
667 2952 729 3011 haec
743 2952 796 3011 tibi
810 2952 987 3024 decantatur,
1026 2955 1058 3008 tu
1072 2949 1180 3023 pupillo
1196 2954 1225 3009 et
1244 2948 1337 3010 111155
1353 2950 1410 3009 5115
1425 2949 1549 3025 adjutor,

382 3056 554 3129 pupillorum
570 3062 599 3116 51
613 3059 712 3116 matris
728 3074 840 3133 quoqne
855 3059 997 3117 rationem
1011 3056 1118 3115 habero
1133 3056 1289 3131 digneris«
1363 3138 1366 3143 Ι

470 3162 582 3221 Eadem
596 3162 626 3227 in
641 3165 744 3223 sacello
758 3164 833 3224 51515
853 3162 975 3223 vidimus
998 3178 1086 3235 supra
1107 3162 1199 3220 altare
1219 3159 1432 3219 introeuntibus
1451 3158 1554 3221 5115-

381 3267 446 3326 v'am
461 3268 583 3342 iusignia
596 3268 737 3328 11515115
753 3275 782 3329 51
797 3270 894 3329 Ciiviae
911 3273 940 3328 51
955 3266 1098 3327 Christum
1121 3264 1286 3326 crucifixum
1300 3270 1445 3326 mortuum
1461 3272 1491 3326 et
1505 3283 1551 3325 15-

380 3374 547 3434 suscitatum
568 3372 801 3435 artificiosissime
824 3374 947 3449 depicta.
995 3370 1107 3432 Dicitur
1129 3378 1224 3432 autem
1247 3387 1318 3446 opus
1341 3368 1430 3430 fnisse
1453 3372 1492 3431 N.
1516 3388 1553 3432 ex
1654 3384 1656 3389 ·

379 3477 499 3541 ducibus
514 3479 611 3540 Cliviae
627 3486 657 3540 et
671 3482 820 3541 comitibus
834 3478 974 3539 Marchiae
996 3486 1154 3552 procreatae
1173 3478 1325 3537 comitissae
1346 3476 1551 3539 1185155111-

380 3582 463 3658 burg.

468 3692 579 3751 Eadem
600 3693 720 3765 legimus
739 3692 806 3751 licet
826 3697 911 3753 antea
933 3691 1088 3751 viderimus
1104 3707 1122 3751 a
1137 3692 1265 3751 Sathena
1278 3692 1342 3765 ipso
1357 3692 1507 3750 inventum
1522 3694 1552 3749 51

379 3797 470 3857 asnis
492 3799 648 3872 conjuratis
671 3799 862 3871 conscriptum
881 3799 1089 3873 juramentum,
1115 3794 1196 3872 qnod
1215 3795 1378 3856 sacerdotes
1401 3812 1504 3857 rursus
1519 3814 1551 3857 se

378 3904 490 3961 romani
509 3903 620 3977 imperii
642 3903 822 3978 pontificibus
837 3902 993 3963 subdentes
1012 3908 1151 3976 praestare
1166 3902 1280 3963 debent.
1320 3902 1378 3961 Sed
1394 3904 1466 3975 qnid
1481 3920 1549 3978 age·

377 4005 463 4063 mus?
478 4007 543 4065 Nisi
557 4007 595 4066 ad
611 4008 756 4068 dominum
770 4009 978 4070 ardentissimis
993 4008 1067 4068 votis
1082 4009 1188 4067 intimis
1209 4024 1245 4067 ex
1259 4008 1427 4082 praecordiis
1443 4010 1549 4068 clama-

322 4132 326 4137 ·
377 4127 449 4185 mus,
465 4129 502 4171 ne
517 4113 633 4173 taudem
653 4114 690 4173 ob
712 4121 813 4175 nostra
834 4122 953 4190 peccata
973 4102 1165 4189 blasphemari
1190 4130 1293 4174 nomen
1316 4116 1446 4173 sanctum
1467 4128 1551 4172 suum

377 4218 461 4291 sinat,
478 4216 660 4294 dicamusque
675 4238 738 4279 cnm
754 4221 927 4295 archangelo
942 4218 1099 4280 Michaele:
1137 4218 1282 4293 Corripiat
1294 4224 1324 4277 15
1340 4218 1411 4277 1555
1428 4217 1549 4293 Sathsn,

375 4322 486 4382 ludicra
502 4327 578 4383 enim
593 4342 654 4400 praa
669 4327 714 4385 his
729 4326 912 4399 blasphemiis
933 4325 1067 4386 videntur
1087 4341 1265 4399 quaecunque
1280 4322 1473 4398 Sannaherib‚
1488 4324 1548 4383 Η5-

375 4426 513 4503 liodorus,
528 4432 684 4506 Rapsaces‚
702 4432 802 4491 soribae
818 4436 848 4490 et
859 4431 1000 4489 Pharisaei
1016 4433 1045 4490 51
1060 4430 1195 4504 quicquid
1209 4430 1295 4503 huius
1310 4430 1485 4503 turpissima
1499 4446 1549 4489 55-

375 4550 462 4593 merae
477 4535 623 4594 hominum
638 4537 785 4611 opprobrii
793 4535 906 4595 Christo
923 4535 1036 4597 domino
1053 4543 1082 4597 et
1096 4539 1173 4612 patri
1188 4536 1249 4611 ejus
1265 4537 1375 4596 55515511
1390 4541 1550 4611 sanctoque

376 4640 491 4714 spiritui
512 4658 639 4715 unquam
658 4643 824 4716 objecerunt
845 4648 873 4701 et
888 4642 943 4702 nisi
963 4644 1026 4702 haec
1043 4644 1210 4718 blasphema
1229 4659 1282 4703 ora
1302 4643 1366 4717 ipsa
1386 4641 1442 4701 sibi
1458 4641 1550 4717 digito

375 4744 510 4803 labellum
525 4752 715 4821 compescunt,
735 4748 892 4808 timendum
906 4753 964 4822 est,
986 4766 1022 4808 15
1037 4750 1067 4808 11
1083 4748 1233 4823 55511515
1248 4765 1304 4808 vox
1321 4746 1428 4807 Christi
1442 4762 1548 4807 conve-

376 4849 450 4907 niat:
474 4850 639 4912 Momemini
658 4853 832 4927 inpeccatis
856 4854 973 4931 1551115,
1000 4854 1069 4916 11551
1090 4856 1157 4916 caci
1177 4852 1307 4917 5115555
1329 4868 1550 4927 5555111115
