3700 5692
882 735 924 801 al

283 931 287 937 ’
405 917 472 979 vidi
485 923 516 980 et
530 917 607 981 edes
621 919 694 994 ejus,
709 931 795 993 quem
807 917 838 976 in
851 916 1010 980 Brehentie
1023 919 1110 995 noui,
1134 918 1236 982 Jaeobl
1249 921 1406 998 Hogsteter
1419 923 1486 986 olim

316 1023 523 1099 opulentissimi
542 1025 653 1100 utique,
669 1022 719 1098 qni
733 1038 797 1082 oum
812 1038 865 1083 suo
879 1023 1012 1084 sodalitio
1028 1025 1096 1084 olim
1110 1025 1209 1085 Romae
1225 1024 1344 1088 baneam
1359 1029 1405 1106 (ιι
1418 1028 1484 1092 ber·

315 1128 380 1188 heri
394 1127 510 1204 vocant)
533 1129 673 1203 tenuerit,
697 1128 950 1188 nummulariorum
971 1133 1001 1188 et
1015 1127 1221 1191 loeneretorum
1243 1147 1299 1192 non
1314 1138 1485 1206 postremus.
1566 1105 1571 1114 ¹

316 1234 388 1307 Quae
402 1239 498 1294 ιιιιιιιι
520 1233 588 1297 dum
609 1234 702 1294 Roma
723 1232 821 1294 Caroli
841 1232 981 1294 Borhomi
1001 1235 1089 1296 ductu
1111 1235 1191 1314 (lieet
1214 1238 1276 1313 ipse
1291 1237 1410 1300 Carolus
1428 1242 1486 1302 iota

316 1338 391 1398 aenei
404 1338 540 1398 menanti
562 1343 630 1398 ante
654 1336 756 1397 urbem
775 1336 906 1413 perierit)
921 1345 1147 1416 oppugnaretur,
1168 1358 1269 1402 eversa
1287 1341 1341 1404 luit
1355 1351 1386 1404 et
1398 1361 1485 1419 penu·

315 1441 543 1503 nieeemilitibus
552 1441 707 1502 distractae.
730 1442 760 1500 Is
768 1441 893 1502 Jeeobns
908 1450 939 1503 et
952 1460 1012 1504 sue
1021 1446 1107 1505 sortis
1121 1444 1258 1522 homines,
1273 1461 1347 1508 nuno
1361 1453 1390 1509 et
1403 1449 1486 1511 bonis

315 1554 347 1609 et
359 1549 445 1609 domo
459 1548 554 1621 eeesit,
575 1543 664 1605 adeo
677 1545 714 1606 ed
730 1547 834 1620 stipem
847 1546 993 1623 redactus,
1015 1556 1048 1610 nt
1062 1550 1100 1611 oh
1114 1565 1154 1610 aes
1168 1552 1293 1612 alienum
1313 1559 1344 1614 et
1356 1567 1486 1616 oaroeres

318 1649 808 1714 etrerumsuarumdietreetionem
817 1668 920 1726 passus
929 1655 975 1713 sit.
999 1653 1486 1720 Devorerantautemethunoher·

317 1756 619 1834 pigieioeneretorum
627 1755 765 1831 Fuggeri.
787 1757 1275 1821 Hieoineiertnnoeludusestethae
1282 1763 1382 1824 mundi
1394 1765 1486 1827 vises!

405 1861 517 1922 Eadem
535 1860 740 1936 wandelinus,
764 1861 869 1921 Floras
892 1868 922 1922 et
943 1863 1083 1925 Melchior
1096 1864 1316 1926 Atrebatensem
1332 1885 1350 1928 a
1364 1870 1486 1943 prandio

314 1968 424 2042 alloqui
439 1967 581 2041 abierunt,
596 1971 737 2043 petentes,
752 1971 786 2026 ut
799 1982 887 2026 eausa
900 1972 1000 2028 nostra
1013 1975 1239 2043 promoveretur.
1268 1971 1324 2045 Qui
1337 1974 1487 2048 respondit

313 2091 346 2133 ee
360 2073 458 2134 omnia
471 2071 657 2132 libentissime
673 2087 806 2134 cesaree
820 2072 965 2147 majestati
980 2079 1173 2148 narraturum,
1189 2074 1275 2147 idque
1289 2077 1336 2136 vel
1350 2079 1485 2153 erastino,

314 2178 362 2240 uel
374 2177 524 2254 perendie.

404 2282 530 2342 Domine
544 2280 625 2355 Jesn,
647 2280 699 2354 oui
712 2278 809 2356 hodie,
831 2281 894 2341 heri
907 2286 939 2341 et
952 2281 983 2341 in
997 2283 1094 2343 eeaule
1109 2299 1148 2357 es,
1165 2283 1212 2358 da,
1229 2281 1319 2343 doneo
1330 2281 1361 2341 iu
1374 2283 1429 2342 hoo
1442 2283 1484 2342 ri·

314 2395 355 2448 te
369 2387 513 2448 eurrienlo
526 2401 638 2459 sumus,
657 2385 712 2446 tibi
725 2401 779 2444 nos
792 2385 890 2460 inniti,
916 2390 977 2446 ate
993 2389 1054 2448 solo
1077 2386 1154 2449 bona
1173 2391 1275 2448 mnata
1293 2403 1420 2462 operere,
1436 2390 1486 2463 qul

313 2492 369 2552 tihi
392 2492 450 2568 ipsi
475 2491 620 2551 dimimilis
640 2505 703 2550 esse
726 2506 868 2565 umquem
891 2496 984 2564 potes.
1036 2491 1081 2552 De
1103 2493 1218 2553 interim
1245 2496 1342 2551 autem
1368 2508 1445 2552 nune
1465 2509 1486 2552 a

313 2598 413 2674 sophis
427 2596 515 2669 huius
525 2593 626 2655 mundi
640 2594 811 2670 moogitato,
825 2601 867 2669 tu,
885 2597 934 2669 qni
949 2611 980 2656 es
995 2599 1136 2670 sapientie
1149 2597 1249 2672 petris,
1264 2598 1371 2657 statne!
1388 2598 1487 2659 Solent

315 2707 430 2777 gentes,
446 2700 525 2774 quod
534 2699 614 2759 Deus
629 2705 682 2760 est.
705 2699 740 2759 Id
753 2705 783 2760 te
796 2716 932 2775 rogemus
946 2717 999 2775 per
1012 2703 1241 2775 tuammetipsam
1254 2701 1420 2777 bonitatem,
1436 2703 1486 2776 qui

314 2805 387 2866 dvis
403 2811 434 2865 et
447 2819 553 2878 regnas
567 2821 631 2864 eum
645 2804 710 2866 Deo
723 2809 807 2880 patre
828 2807 860 2864 in
876 2807 987 2866 unitate
1002 2805 1130 2879 ejusdem
1148 2808 1265 2880 spiritus
1289 2808 1381 2868 saneti
1394 2807 1484 2882 Dens,

313 2927 367 2985 per
381 2910 478 2971 omnia
491 2911 588 2969 meula
601 2910 770 2970 seculorum.
793 2910 895 2970 Amen.

401 3015 535 3075 Vidimus
557 3015 637 3091 apud
655 3015 798 3075 ioannem
817 3013 996 3077 Friderioum
1018 3031 1114 3075 senem
1136 3016 1299 3090 capularem
1318 3029 1409 3074 annos
1433 3014 1483 3073 oli·
1561 3041 1566 3046 ·

313 3120 483 3180 neotericos
493 3121 555 3194 jam
568 3119 676 3180 dadum
690 3122 836 3194 egentem,
858 3118 908 3190 qni
922 3118 1066 3193 berhyton
1079 3125 1215 3196 tangens,
1240 3121 1303 3195 ipse
1319 3119 1420 3193 quevis
1439 3118 1486 3179 vel

310 3225 418 3298 iuvene
432 3221 566 3285 saltando
574 3229 611 3284 et
624 3223 744 3284 ehoreas
759 3220 888 3281 dueendo
903 3222 1014 3296 agilior.
1392 3273 1395 3278 .

404 3327 539 3389 Ooenadt
551 3328 699 3389 nobiseum
712 3328 784 3388 haro
798 3325 834 3386 de
850 3325 1111 3401 Schwartaenherg,
1125 3325 1267 3386 Fridsriei
1280 3325 1366 3386 filius.

403 3433 493 3507 xxviij
509 3433 616 3508 Aprilis
630 3433 662 3493 in
676 3433 807 3493 rrenobio
820 3433 964 3492 minorum
978 3431 1106 3491 oonoioni
1120 3446 1209 3491 seeree
1224 3429 1413 3506 interfuimus,
1437 3431 1486 3492 uhi

313 3539 414 3599 senior
427 3539 546 3612 quidem
559 3538 711 3614 presbyter
726 3553 887 3598 sermonem
902 3553 938 3594 ex
952 3551 1014 3609 oep.
1034 3537 1072 3594 17
1088 3535 1208 3595 ioannis
1229 3535 1420 3610 Euangelistae
1434 3535 1486 3596 ha·

313 3643 385 3719 huit,
402 3659 558 3718 ιιιροιιιιιι,
576 3641 794 3720 guidmundus,
810 3643 860 3714 qni
878 3643 947 3702 item
967 3643 1024 3702 sint
1042 3643 1078 3702 de
1093 3641 1207 3702 mundo.
1245 3644 1318 3702 Item
1332 3642 1369 3702 de
1383 3657 1484 3717 prooe-

313 3749 393 3810 tione
409 3748 519 3810 christi
532 3763 588 3822 pro
601 3747 754 3807 credituris
768 3763 822 3822 per
836 3747 996 3807 doeh-inam
1011 3748 1218 3822 apostolorum,
1239 3753 1270 3807 et
1282 3753 1315 3806 ut
1337 3748 1403 3807 hino
1416 3763 1484 3808 oon·

313 3855 487 3916 solationem
504 3853 536 3912 in
555 3849 758 3912 afflictionibus
781 3853 911 3928 arripere
934 3853 1108 3928 studeamus,
1128 3858 1161 3912 nt
1174 3854 1199 3911 si
1213 3854 1260 3913 vel
1274 3869 1293 3912 a
1307 3852 1443 3927 Sathena,
1467 3870 1486 3913 a

314 3959 424 4019 mundo
437 3959 485 4018 rel
499 3973 587 4017 earne
600 3960 753 4031 tentemur,
769 3955 807 4016 ed
820 3956 895 4016 hano
913 3955 1030 4016 Domini
1052 3958 1210 4018 orationem
1225 3963 1255 4018 et
1268 3973 1318 4018 eor
1333 3963 1363 4018 et
1376 3959 1485 4019 animos

317 4068 473 4137 vertemus,
488 4062 648 4122 reeoleutes
661 4062 809 4121 nobiseum
823 4077 876 4122 nos
891 4077 950 4120 non
964 4062 1058 4122 deseri
1072 4078 1091 4121 a
1104 4061 1177 4137 Deo,
1200 4064 1300 4138 utique
1314 4080 1368 4138 pro
1383 4064 1486 4137 quibus

311 4167 390 4229 lilius
410 4167 461 4226 ilie
479 4167 660 4242 unigenitus,
685 4167 736 4241 qui
758 4167 837 4226 solus
859 4167 897 4228 ob
919 4168 1110 4227 reverentiam
1130 4168 1281 4228 exauditus
1302 4174 1359 4242 est,
1383 4169 1484 4228 oravit.

313 4272 449 4333 Hebetur
471 4274 569 4331 autem
589 4270 653 4330 haee
674 4271 774 4331 eoneio
795 4271 963 4344 aureique
985 4272 1071 4346 huius
1093 4273 1193 4332 similis
1213 4275 1289 4332 inter
1310 4276 1442 4345 quartam
1456 4276 1487 4330 et

313 4379 444 4451 quintam
458 4377 555 4451 horas,
576 4391 639 4448 >(prro
653 4374 762 4435 lemilie
776 4375 863 4434 etiam
876 4375 966 4436 verbo
981 4375 1088 4436 domini
1102 4378 1182 4452 pasci
1194 4381 1300 4451 posset.
1339 4373 1421 4447 Quod
1435 4389 1485 4448 ge·

314 4497 370 4541 nus
385 4481 534 4546 hominum
546 4479 654 4540 Βιιιιιί
668 4486 699 4540 et
711 4481 798 4540 Saevi
821 4495 876 4538 sua
888 4480 987 4554 lingue
1001 4479 1057 4540 Die
1071 4479 1253 4539 Ehehaltenn
1273 4483 1385 4552 vocent,
1408 4479 1487 4538 velat

313 4602 368 4662 per
381 4597 504 4659 quornm
518 4599 624 4660 operes
637 4599 686 4645 res
700 4585 923 4645 matrimoniales
938 4590 968 4644 et
982 4585 1155 4658 adiuventur
1177 4588 1207 4642 et
1221 4588 1358 4643 ourentur
1371 4585 1485 4644 nomine

315 4691 362 4769 (ut
375 4690 446 4750 mihi
460 4687 573 4764 videor)
588 4691 754 4750 honestiore
768 4705 854 4764 quem
868 4702 1016 4748 servorem
1025 4692 1055 4747 et
1061 4702 1209 4748 serverum
1222 4703 1302 4748 more
1316 4693 1485 4749 nostratum.

403 4793 516 4855 Ειᾱιιιι
535 4795 668 4858 maioni
686 4794 869 4856 wilhelmum
888 4809 908 4854 a
925 4793 1042 4856 Nasseu
1062 4791 1269 4885 inuisebemus,
1293 4809 1357 4853 eam
1380 4809 1437 4869 quo
1455 4800 1487 4856 et
