3700 5692
1251 659 1262 696 l

404 911 497 972 affirm
505 910 583 969 inter
591 921 681 986 opera
689 905 952 982 supererogationis
960 905 1179 964 annumeratum
1190 905 1221 960 et
1233 898 1362 961 amnibus
1374 897 1555 963 masma

404 1020 579 1092 prereptum
593 1031 667 1089 esse,
683 1029 742 1073 non
756 1012 824 1072 solis
836 1011 882 1086 iis,
898 1010 990 1084 quise
1002 1007 1169 1068 claustrales
1183 1011 1296 1066 vorent
1325 1004 1474 1066 Addueens
1490 1004 1556 1062 tosil-

404 1123 532 1182 nonium
547 1135 583 1179 ex
602 1135 665 1194 epp.
684 1120 701 1176 6
723 1117 869 1176 Mattbaei:
894 1113 1051 1188 <Quisquis
1071 1117 1167 1172 autem
1188 1109 1339 1184 obsideris,
1361 1110 1495 1170 obnoxius
1513 1109 1558 1176 erit

401 1227 532 1303 iudeis«
549 1231 603 1286 ete.
641 1227 713 1283 Item
728 1223 823 1282 ileum
836 1225 949 1296 patrem
963 1219 1132 1284 assimilavit
1151 1218 1230 1292 patri
1250 1215 1379 1290 mnilite,
1402 1218 1451 1290 qni
1466 1215 1558 1275 babem

406 1331 496 1392 tilium
510 1331 557 1391 rel
572 1328 669 1402 filiam,
686 1329 735 1402 qni
750 1328 797 1388 uel
812 1342 877 1400 quar
892 1341 911 1384 a
924 1332 1010 1402 patre
1023 1329 1168 1400 prmoopts
1181 1323 1335 1396 aeeoperit,
1350 1327 1381 1382 et
1394 1326 1486 1381 umen
1496 1335 1558 1394 pror

409 1439 498 1511 neptis
512 1436 590 1494 hisne
604 1449 662 1493 non
677 1431 824 1505 obedierit,
847 1433 895 1490 hio
912 1437 1035 1505 patrem,
1058 1428 1169 1489 etiamsi
1186 1432 1289 1487 tenore
1306 1427 1413 1487 liberos
1431 1425 1559 1497 moedi

406 1547 577 1604 nontamen
592 1539 689 1598 statim
703 1553 768 1596 eum
782 1536 839 1596 iilis
853 1534 1085 1596 abbianditurnn
1100 1548 1172 1607 esse,
1184 1532 1238 1591 ssd
1251 1529 1327 1591 torte
1341 1532 1492 1591 disturum:
1509 1527 1561 1586 «idn

408 1647 471 1706 lae
492 1645 545 1705 tibi
566 1643 705 1717 precepi,
729 1640 781 1701 sed
802 1647 836 1700 tu
857 1641 1000 1715 peruioaoi
1019 1640 1131 1699 service
1151 1635 1315 1711 repugnes?
1349 1637 1423 1697 Vide
1435 1634 1562 1710 igitir-m
1626 1664 1627 1667 =

408 1752 497 1811 alium
511 1755 540 1809 to
555 1765 649 1823 geras.
680 1745 763 1821 Quod
777 1746 808 1805 ni
822 1743 883 1818 fiat,
899 1745 978 1806 haud
990 1749 1022 1804 to
1035 1741 1088 1803 iiii
1101 1744 1165 1803 loeo
1184 1743 1335 1805 habiturus
1356 1757 1430 1802 suun
1459 1741 1563 1813 Insopor

408 1857 505 1928 atium
529 1853 586 1913 nisi
607 1853 772 1926 resipueris,
796 1851 1046 1912 exhereditatum
1067 1865 1139 1910 sum.
1176 1847 1229 1908 Sin
1248 1863 1320 1906 uero
1340 1853 1371 1907 te
1391 1846 1565 1922 ganniant

406 1960 581 2034 morigerum
594 1958 672 2032 patri
684 1955 776 2016 lilium
789 1956 881 2030 deest,
906 1972 961 2030 ego
976 1971 1090 2031 quoque
1104 1953 1209 2014 affeetu
1222 1957 1344 2027 pstsrno
1358 1957 1390 2013 te
1404 1957 1438 2012 ut
1450 1951 1565 2012 dissum

406 2063 498 2124 ilium
510 2062 654 2124 velillum
666 2077 847 2138 prosequar«
860 2067 914 2121 eto.
939 2061 971 2120 si
984 2060 1032 2120 bie
1044 2061 1092 2120 rel
1105 2059 1156 2118 illa
1169 2059 1259 2118 uitam
1271 2059 1304 2116 in
1317 2058 1421 2118 melius
1433 2054 1566 2116 nuaram

409 2174 441 2230 et
454 2171 531 2246 putri
544 2169 672 2230 debitam
686 2167 877 2228 obedientiam
891 2165 1068 2240 praetiterit,
1084 2163 1314 2239 benignissimum
1327 2170 1444 2237 patrem
1457 2160 1566 2234 expetis
1626 2192 1627 2201 κ

401 2279 467 2336 tur.
498 2275 543 2334 Ita
558 2279 589 2334 et
602 2273 693 2346 nobis,
717 2271 818 2347 inquit,
841 2270 962 2331 aecidat
993 2270 1026 2331 si
1039 2270 1167 2344 quotidie
1181 2268 1301 2329 verbnm
1319 2265 1511 2343 benignissimi
1522 2281 1566 2324 oe
1626 2280 1627 2315 i

402 2380 491 2440 lestis
511 2379 604 2454 patris
625 2377 718 2438 nostri
737 2377 931 2438 audiverimus
952 2381 982 2435 et
1002 2380 1099 2435 umen
1119 2374 1249 2450 quotidie
1272 2375 1355 2435 nobis
1377 2374 1450 2448 ipsis
1471 2373 1567 2448 pejores

401 2485 557 2572 reddimur
570 2476 785 2557 etpetns'iram
796 2488 826 2542 et
837 2479 1099 2542 exhaeredationem
1107 2483 1301 2540 incurremus.
1324 2480 1377 2540 Sin
1390 2495 1462 2548 sero
1476 2480 1568 2536 axido

409 2589 497 2651 eorde
510 2588 648 2649 mandata
662 2587 724 2662 ejus
746 2587 897 2660 munti
918 2585 1070 2661 fuerimus,
1093 2587 1155 2662 ipse
1174 2603 1289 2660 quoqne
1306 2585 1382 2644 burn
1401 2600 1483 2644 suam
1502 2595 1568 2642 raso

411 2701 528 2756 entnrus
550 2699 594 2753 est
613 2697 667 2752 ete.
696 2693 769 2752 Item
783 2691 910 2752 ostendit
924 2708 1040 2767 quoqne
1055 2707 1092 2752 ex
1105 2707 1168 2765 esp.
1187 2693 1205 2751 5
1220 2691 1364 2765 Matini,
1381 2706 1468 2764 quern
1479 2687 1569 2748 nullm

409 2799 526 2863 laudem
539 2813 711 2872 mereamur,
734 2798 761 2857 si
779 2801 892 2858 mnium
913 2797 1012 2858 amieis
1032 2804 1062 2858 et
1075 2798 1158 2858 nobis
1171 2795 1421 2857 omememntibus
1435 2795 1505 2856 beno
1516 2806 1567 2866 pro

410 2921 511 2966 samur
530 2908 582 2964 ant
601 2901 729 2962 issimus.
765 2901 850 2976 Nam,
873 2903 976 2976 inquit,
998 2905 1132 2962 naturum
1150 2907 1185 2962 et
1202 2906 1330 2962 mutuam
1349 2900 1506 2959 amicitiam
1521 2896 1568 2956 aui

411 3024 490 3084 pern,
513 3013 543 3068 et
557 3024 575 3068 a
587 3006 766 3082 sapientibus
781 3005 903 3066 ethnicis
916 3006 1071 3080 probsann
1085 3023 1200 3082 quoqm
1213 3007 1252 3066 iri
1266 3012 1296 3066 et
1309 3006 1504 3082 germanicum
1515 3015 1567 3076 pro

413 3112 557 3174 serbiam:
580 3113 712 3174 Freundt
724 3115 798 3174 uber
811 3110 860 3170 ein
873 3112 965 3187 Zaum
978 3108 1097 3172 franndt
1109 3112 1287 3173 widderumb
1302 3110 1440 3184 bernber,
1455 3112 1568 3168 testam

413 3217 471 3281 bod
485 3219 562 3280 hosti
576 3222 607 3278 et
619 3221 802 3295 persequenti
822 3233 874 3280 nos
896 3218 1051 3280 benevolos
1070 3234 1136 3278 esse
1156 3223 1187 3278 et
1207 3218 1244 3278 de
1264 3217 1369 3278 iisdem
1391 3216 1470 3277 bona
1482 3210 1568 3288 optem}

408 3325 500 3400 idque
515 3341 551 3384 ex
564 3325 659 3385 animo
674 3331 825 3399 prestare,
842 3325 917 3384 bnne
930 3324 1068 3398 laborem,
1076 3325 1131 3384 hoe
1144 3341 1217 3399 opus
1228 3340 1301 3384 esse.
1324 3321 1482 3382 Prolerens
1493 3330 1570 3378 exem

409 3431 491 3506 plum
509 3429 617 3490 domini
636 3430 787 3490 salvatoris
801 3429 980 3495 rosentem
994 3429 1111 3504 cbristi,
1134 3432 1185 3504 qui
1203 3431 1235 3489 in
1252 3445 1340 3489 erum
1353 3428 1488 3489 dislemis
1500 3437 1569 3482 nem

413 3535 472 3595 bris
487 3534 615 3609 pendens
630 3551 683 3610 pro
699 3531 932 3610 crucifigentibus
947 3550 1033 3594 orans
1053 3533 1138 3594 dixit:
1164 3534 1282 3608 «Pater,
1299 3535 1417 3608 mosee
1431 3533 1496 3605 illis,
1515 3526 1570 3602 (ιώ

408 3641 554 3715 ambiant,
569 3640 639 3714 quid
653 3637 793 3700 iaciunt«
817 3639 889 3698 Item
904 3640 1046 3714 Stephani
1059 3639 1290 3713 protomartyris,
1305 3640 1356 3714 qui
1370 3639 1434 3713 jam
1446 3634 1569 3712 lapidibus
1626 3710 1627 3723 χ

414 3753 528 3820 qu'oque
542 3747 649 3820 petitus
664 3746 803 3804 oraverit:
822 3744 1054 3820 ‹Domimelesu,
1070 3761 1108 3803 ne
1121 3745 1180 3803 illis
1194 3750 1304 3805 etstues
1317 3745 1373 3804 boo
1385 3744 1417 3803 in
1430 3746 1568 3820 peonnam

414 3850 482 3924 qnia
494 3850 635 3925 nesciunt,
645 3850 715 3924 quid
725 3835 948 3911 iaciunt.«·Sed
958 3847 1035 3910 forte
1047 3849 1143 3910 dioere
1158 3865 1270 3925 posses:
1285 3850 1332 3910 Ab
1345 3844 1569 3910 aduersnriosiso

409 3950 491 4012 binni
504 3969 601 4028 musa,
625 3961 731 4028 preter
748 3957 795 4029 juo
815 3961 846 4016 et
863 3970 978 4030 aarum
997 3973 1058 4015 non
1076 3957 1170 4016 solum
1187 3953 1293 4015 domno
1314 3960 1346 4014 et
1358 3957 1471 4031 magn'n
1482 3965 1569 4027 oppro

413 4055 704 4133 brissinensem,
728 4060 779 4120 ssd
800 4061 917 4136 insuper
937 4061 1007 4120 mibi
1027 4077 1081 4122 neo
1099 4077 1225 4135 unquam
1245 4076 1310 4122 eum
1322 4057 1567 4127 remanserit

410 4167 447 4238 ul
465 4162 546 4238 upud
567 4179 612 4222 me
633 4179 740 4226 noxam
765 4181 846 4226 suam
873 4165 1087 4242 depranam.
1126 4165 1288 4240 Donemus,
1315 4165 1423 4240 inquit,
1450 4167 1490 4224 sic
1509 4173 1567 4221 eut.

413 4267 521 4340 Verum
540 4283 604 4327 aum
623 4269 737 4350 noueris
750 4270 945 4330 innoeentium
959 4272 1070 4346 donini
1081 4278 1112 4332 et
1130 4271 1233 4346 quibus
1254 4272 1383 4346 probris,
1405 4264 1568 4344 blasphemiis
1626 4312 1627 4351 3

410 4369 607 4446 bonrbisque
626 4375 652 4432 is
674 4375 711 4434 ab
731 4375 827 4450 impiis
847 4374 964 4436 allectus
986 4374 1075 4436 luerit
1094 4376 1134 4453 (si
1153 4377 1239 4436 modo
1259 4376 1433 4436 dfatim
1446 4368 1568 4436 nomim'

414 4473 498 4550 uelis)
512 4484 644 4552 respectu
652 4477 758 4538 Christi
773 4478 937 4541 adversario
951 4487 1002 4542 tuo
1016 4482 1122 4554 omn'a,
1138 4484 1287 4557 inrogata
1301 4481 1398 4556 etiarn
1412 4481 1500 4556 graiis
1511 4491 1566 4534 oon·

415 4575 535 4652 ornare,
558 4582 735 4653 poeninen
756 4585 834 4657 quod
853 4591 882 4644 et
900 4587 1007 4660 probra
1025 4593 1056 4646 at
1074 4587 1191 4662 uibioss,
1214 4600 1296 4662 quos
1306 4588 1375 4647 tulit
1391 4585 1523 4654 coriam,
1541 4581 1567 4635 ll

405 4681 480 4751 Μ
494 4679 643 4755 debueras,
663 4689 770 4746 tener's
784 4693 838 4748 ete
868 4690 932 4750 line
944 4692 1020 4750 snim
1033 4693 1131 4766 magni
1145 4691 1306 4755 dueeninn
1319 4699 1372 4767 esi,
1393 4689 1507 4766 proprio
1519 4696 1565 4743 arro

418 4779 1565 4875 ffirbfiweomomoeesomemmnmnnomfe
