3700 5692
962 709 1035 777 ets

414 900 478 957 tum
490 901 524 957 ut
537 897 640 958 timore
654 894 703 956 dei
715 892 800 955 filiali
812 892 922 954 scilicet
936 904 994 953 non
1011 892 1112 953 servili
1123 890 1297 969 confirmor,
1313 899 1346 957 ut
1360 896 1438 957 omni
1452 910 1491 957 ex
1505 901 1587 973 parte

413 1006 541 1063 veterem
552 1001 696 1062 Adamum
707 998 869 1062 mortificet
900 1000 942 1059 Et
954 1000 1022 1073 quic
1037 998 1068 1059 id
1081 1014 1141 1061 non
1152 1016 1189 1059 ou
1199 999 1347 1063 roluutste
1360 1006 1468 1063 nomem
1483 1004 1586 1077 camis,

412 1108 484 1169 deus
494 1106 640 1183 rogendm
649 1112 694 1167 est
700 1111 735 1166 ut
746 1106 778 1166 in
786 1120 885 1166 amore
894 1110 924 1165 et
932 1104 1035 1166 timore
1044 1107 1089 1165 sui
1101 1122 1155 1165 nos
1167 1112 1317 1167 conservet
1326 1114 1356 1167 ct
1370 1108 1400 1167 in
1410 1107 1468 1167 lico
1478 1105 1586 1183 tragili-

412 1218 473 1275 tute
487 1214 613 1273 humana
631 1228 684 1273 sno
704 1213 808 1286 spiritu
827 1216 928 1271 senem
947 1209 1103 1286 confortet,
1127 1217 1161 1271 ut
1178 1212 1305 1271 animum
1324 1228 1359 1273 eo
1378 1217 1541 1286 vertamus,
1564 1215 1588 1273 si

412 1319 487 1393 lapsi
500 1315 639 1381 mmimus
653 1333 741 1393 ocyus
761 1316 800 1377 ed
820 1316 868 1377 dei
881 1316 1109 1377 misericordiam
1129 1332 1320 1379 recurramus.
1357 1318 1454 1379 Probe
1473 1334 1589 1393 quoque

413 1425 557 1500 exposuit,
580 1423 649 1498 quid
663 1425 693 1482 in
709 1422 853 1497 scripture
871 1420 975 1496 configi
994 1420 1115 1482 dicotur.
1154 1422 1228 1483 ltsm
1246 1422 1316 1498 quid
1334 1423 1373 1483 sit
1391 1424 1470 1498 riugi
1484 1428 1587 1485 cutem.

411 1531 484 1591 Item
498 1530 569 1604 quid
582 1530 701 1591 verbum
714 1532 851 1589 conteror
863 1526 911 1587 hic
925 1524 1079 1603 significet,
1096 1529 1166 1589 item
1180 1528 1251 1602 quid
1264 1529 1357 1595 scoria
1372 1534 1426 1607 etc.

500 1635 610 1696 Eadem
625 1637 741 1697 dominc
756 1639 849 1695 muter
863 1648 917 1695 nos
933 1633 1067 1708 ephippio
1080 1633 1198 1694 donarit
1210 1638 1240 1695 et
1252 1634 1418 1709 panopliam
1432 1634 1531 1707 mmiti
1545 1635 1590 1693 sui

416 1742 552 1803 ostendit

500 1848 613 1909 Eodem
632 1853 748 1907 senatus
761 1844 1010 1907 Rudolstcdiensis
1029 1861 1082 1907 nos
1101 1846 1178 1906 rasis
1192 1845 1303 1921 aliquot
1321 1846 1381 1907 vini
1396 1850 1427 1905 et
1441 1847 1588 1907 cerevisiae

411 1953 601 2015 Eimbicensis
614 1953 777 2014 honorarit.
805 1953 861 2012 llis
874 1954 963 2028 igitur
978 1953 1087 2027 grecias
1101 1956 1220 2027 agentes
1235 1957 1265 2011 et
1278 1952 1309 2011 in
1322 1953 1446 2013 tutelcm
1459 1958 1588 2015 nostrum

411 2059 594 2135 recipientes,
610 2061 715 2134 servis,
732 2060 781 2133 qni
796 2059 968 2132 attulerant,
984 2056 1218 2119 mummuleno
1234 2058 1373 2119 dedimus.

495 2165 611 2249 Eadem
632 2182 727 2227 comes
739 2164 868 2225 Joauucs
882 2164 1027 2223 Hemiocs
1045 2180 1064 2223 a
1079 2162 1297 2239 Sclwcrmburg
1320 2170 1351 2225 et
1367 2167 1443 2225 dxor
1465 2164 1529 2238 ejus
1553 2165 1588 2225 de

410 2270 533 2345 Widdc,
557 2286 641 2333 soror
653 2270 767 2332 Alberti
786 2270 898 2331 comitis
916 2270 948 2329 in
962 2266 1119 2331 Mensieldt
1138 2269 1266 2343 uterino,
1290 2257 1421 2330 sednon
1439 2286 1586 2346 germano¹

411 2376 546 2437 volebant
559 2376 778 2438 Radelstedium
794 2377 901 2435 venire.
925 2374 1076 2435 Petiersnt
1090 2379 1188 2434 eutem
1202 2391 1254 2450 per
1269 2375 1391 2451 terrm,
1407 2377 1433 2435 si
1448 2381 1479 2437 et
1493 2378 1587 2439 socrui

410 2487 442 2542 et
455 2482 539 2543 nobis
551 2500 611 2543 non
624 2485 791 2557 molestum,
811 2498 842 2542 se
857 2482 951 2543 nostrl
965 2483 1120 2543 amicitiem
1134 2488 1164 2543 et
1178 2482 1314 2543 noticiam
1327 2496 1443 2557 cupere.
1483 2482 1586 2543 Nescio

410 2591 517 2663 sutem,
533 2588 603 2663 quid
617 2589 750 2649 comitem
764 2578 967 2661 remoraretur,
987 2588 1138 2661 quominus
1150 2588 1214 2663 ipse
1229 2589 1330 2649 vamme
1343 2593 1452 2663 posset.
1469 2604 1587 2651 uxorem

410 2710 481 2755 vero
495 2695 744 2769 cumliargereta
758 2698 788 2753 et
801 2692 928 2769 Brigitta
940 2692 1055 2755 filiebm
1063 2692 1281 2755 liudelstcdium
1295 2693 1374 2755 misit
1387 2709 1423 2753 ec
1436 2695 1523 2757 nobis
1537 2712 1587 2771 per

409 2799 589 2862 Josclrimum
604 2800 680 2861 sack
693 2800 846 2861 amicitiem
865 2805 896 2861 et
908 2797 1004 2861 officie
1022 2814 1075 2861 suu
1094 2798 1207 2861 detuit.
1245 2800 1305 2861 Por
1318 2801 1408 2873 igitur
1428 2801 1497 2875 pori
1509 2806 1585 2863 retu·

413 2905 506 2965 limus.

499 3009 624 3073 Domina
641 3026 754 3087 socrus,
774 3011 932 3073 Anemmiu
952 3028 1041 3085 uxor,
1062 3009 1178 3071 domins
1193 3009 1305 3073 sobach
1323 3016 1354 3071 et
1366 3012 1537 3073 Melchioris
1552 3012 1586 3074 de

411 3106 575 3177 osso'uxor
588 3132 687 3177 esoces
701 3118 732 3177 in
747 3118 815 3179 Sala
828 3123 970 3193 prosecta
985 3121 1060 3177 sunt.
1100 3116 1233 3192 cepimus
1247 3132 1336 3179 unum
1350 3122 1381 3177 et
1395 3118 1426 3179 in
1441 3118 1585 3179 Schwartz

410 3238 495 3297 pege,
507 3223 592 3296 juxto
605 3238 690 3298 quem
703 3223 751 3283 die
766 3224 910 3285 Schwartz
923 3221 1056 3283 fluviolus
1070 3224 1103 3283 in
1117 3224 1213 3284 Salem
1226 3221 1395 3298 infunditur,
1412 3226 1583 3301 symposium

409 3323 537 3388 Minus.
574 3330 631 3389 Vix
645 3331 700 3392 sub
718 3335 828 3391 sextum
846 3331 939 3389 noctis
953 3328 1172 3391 Rudelstcdium
1185 3334 1346 3391 mnmautes
1360 3330 1485 3391 vidimus
1499 3332 1583 3393 rusti·

409 3449 509 3493 corum
529 3434 561 3493 iu
585 3434 729 3497 &incrta
752 3437 870 3497 cellaria
892 3435 1031 3497 habentia
1054 3436 1169 3495 circiter
1192 3436 1278 3496 osdos
1295 3435 1510 3510 quinquaginta
1529 3437 1584 3495 uini

409 3545 518 3615 preter
532 3542 689 3602 cervisiam.
727 3542 844 3603 Habent
858 3558 935 3601 nune
954 3542 1124 3618 parrochum
1142 3541 1300 3616 Corporum
1313 3541 1429 3603 nomine
1445 3547 1476 3603 ct
1490 3542 1530 3603 ad
1543 3542 1582 3603 di·

410 3646 812 3723 nostiumBlcnckenbergieao
825 3650 901 3709 crds
915 3648 1071 3723 pertinent.
1094 3648 1135 3707 Et
1146 3647 1171 3707 is
1184 3653 1229 3708 est
1239 3664 1340 3723 pegus,
1355 3665 1374 3709 a
1390 3648 1472 3722 cujus
1486 3648 1582 3707 incolis

410 3736 487 3811 cano
506 3753 655 3828 superiore
668 3753 805 3814 Albertus
824 3754 952 3813 marchio
971 3754 1002 3813 in
1015 3751 1226 3829 Brendenburg
1244 3760 1365 3829 propter
1379 3753 1531 3828 injuriam
1554 3756 1583 3811 ut

408 3854 459 3915 ille
472 3859 684 3933 praetendebat,
707 3862 816 3935 curigis
829 3860 889 3919 suis
908 3860 1019 3919 illatam
1033 3860 1130 3934 exegit
1143 3860 1369 3934 quadringentos
1388 3876 1510 3933 aureos,
1532 3874 1582 3918 nec

409 3960 486 4020 ullus
500 3967 565 4022 eret
578 3965 669 4023 remise
684 3967 772 4040 locus,
788 3966 820 4024 ni
831 3965 952 4025 vulcano
967 3982 999 4025 se
1014 3972 1045 4025 et
1061 3963 1160 4027 domos
1175 3981 1243 4025 suos
1254 3967 1341 4029 litare
1356 3966 1525 4027 voluissent.

498 4067 608 4128 Eadem
626 4070 732 4131 hobitae
752 4076 820 4131 sunt
838 4072 946 4145 nuptiae
961 4072 1129 4146 walpurgis
1143 4070 1322 4145 Rotschneh,
1346 4086 1412 4144 quae
1432 4072 1519 4133 uxori
1532 4084 1581 4145 pro

409 4186 480 4233 coca
495 4174 624 4251 servivit,
646 4181 678 4235 ot
689 4175 766 4236 Josti
780 4176 872 4252 Sophi
887 4176 1067 4251 joculatoris,
1086 4177 1239 4251 copulante
1257 4191 1307 4237 cos
1326 4192 1381 4251 per
1399 4175 1522 4239 verbum
1535 4176 1581 4237 do

407 4278 480 4339 mini
492 4278 614 4341 Alberto
628 4282 771 4344 Dreoons

498 4386 674 4447 Testudinco
693 4387 788 4463 gradu
803 4404 852 4448 res
872 4387 1058 4449 Sebethicnae
1077 4393 1107 4448 et
1121 4387 1403 4449 Germersluusiunae
1425 4387 1582 4463 procedunt

408 4505 444 4551 sc
457 4490 613 4552 emendum
626 4508 664 4552 oo
678 4493 793 4553 inanem
807 4494 886 4554 volet
898 4495 932 4553 in
945 4510 1055 4554 euram.

497 4596 735 4670 Emccmbentur
749 4598 869 4661 carolus
880 4615 978 4680 comm
997 4617 1016 4660 a
1030 4599 1169 4669 (ileiclien
1183 4608 1213 4662 et
1227 4616 1301 4661 mor
1321 4601 1399 4675 ejus,
1423 4614 1524 4661 rerum
1536 4614 1579 4659 re

408 4701 583 4761 nunciarunt
607 4718 639 4762 se
662 4704 788 4764 mesdeo
810 4703 960 4766 affuturos.
1003 4706 1115 4768 Eodem
1136 4722 1230 4769 comes
1251 4705 1451 4782 Wolffgcnpus
1471 4706 1581 4767 domum

409 4805 575 4865 revertitur.
