3700 5692
981 726 1046 798 ild

427 913 510 975 nobis
524 914 643 989 perinde
658 913 827 975 actbruam
841 912 917 991 feeit,
934 916 985 990 qui
998 912 1211 977 aestatum
1222 914 1338 977 domiuo
1347 916 1379 976 in
1392 914 1576 989 moumblmya

426 1021 509 1081 nme
523 1016 613 1079 lilium
627 1036 710 1081 suum
724 1021 843 1083 adduxit
857 1022 887 1081 in
901 1026 1036 1095 montem,
1059 1021 1150 1081 serris
1165 1027 1195 1083 et
1208 1022 1324 1083 canabe
1338 1021 1377 1083 ad
1387 1021 1497 1083 radices
1510 1036 1574 1081 nou·

426 1128 464 1186 tis
478 1127 594 1187 relictis.
633 1116 680 1189 Sic
695 1134 725 1189 et
740 1145 792 1189 nos
812 1134 928 1204 oportet
951 1127 1043 1189 solum
1057 1126 1203 1187 Christum
1216 1128 1294 1203 patri
1309 1132 1454 1190 ostentare
1468 1125 1576 1187 etideu
1605 1131 1612 1146 ‘

426 1234 457 1291 iu
471 1231 551 1291 illum
564 1240 691 1295 statuere
706 1240 735 1294 et
750 1237 811 1309 ejus
826 1235 961 1296 charitati
975 1234 1067 1308 inniti,
1088 1234 1194 1293 metris
1214 1233 1465 1307 imaginatiombus
1479 1237 1506 1291 et
1518 1229 1576 1289 fietu

427 1339 562 1414 operibus
581 1338 665 1414 longe
685 1356 703 1399 a
723 1344 805 1416 tergo
825 1341 949 1417 relictis,
980 1337 1216 1415 quemadmodum
1235 1343 1265 1399 et
1284 1337 1333 1397 bic
1351 1338 1381 1398 d.
1401 1337 1522 1399 loannes
1534 1335 1576 1394 ait:

426 1445 481 1517 Qui
495 1444 564 1505 dicit
579 1461 610 1503 se
625 1445 655 1505 in
668 1444 733 1505 luoe
748 1462 810 1506 esse
825 1452 855 1506 et
869 1444 990 1507 fratrem
1004 1461 1087 1505 suum
1101 1443 1173 1519 odit,
1188 1444 1219 1505 in
1233 1444 1361 1505 tenebris
1376 1450 1431 1503 est.
1466 1442 1495 1502 si
1507 1441 1576 1514 enin,

425 1551 534 1626 inquit,
557 1551 683 1625 parietes
709 1549 852 1610 coloribus
872 1551 971 1611 illiniri
990 1567 1088 1611 curem
1110 1556 1141 1611 et
1159 1550 1258 1611 baum
1280 1550 1445 1611 necessitati
1457 1546 1575 1607 nunsub

425 1657 520 1729 uenio,
538 1655 663 1715 nondum
677 1657 707 1715 in
722 1657 795 1728 luce,
812 1655 862 1715 sed
876 1656 907 1716 in
920 1657 1071 1732 ipsissimis
1085 1656 1214 1717 tenebris
1227 1656 1351 1717 ambulo.
1375 1654 1504 1717 obrutus
1516 1650 1576 1711 enin

427 1759 611 1834 adjudicium
625 1762 741 1821 veniens
756 1776 815 1821 nou
829 1762 1021 1823 sciscitabitur
1035 1782 1054 1823 a
1067 1780 1122 1838 me,
1139 1769 1210 1838 quot
1224 1762 1345 1836 mbegia
1358 1760 1442 1836 regio
1456 1762 1576 1834 apparatu

422 1866 577 1941 splendida
591 1869 807 1939 construxerim,
824 1873 874 1928 aut
888 1868 1050 1943 hujusmodi
1063 1861 1134 1944 quid
1148 1869 1265 1943 egerim,
1280 1883 1383 1928 uerum
1396 1865 1512 1939 inquiet,
1526 1879 1575 1923 esu·

426 1973 481 2037 riri
501 1977 531 2032 et
552 1971 670 2033 dedistis
690 1972 759 2032 mibi
780 1973 968 2048 manducare,
989 1975 1065 2033 sitim
1084 1988 1187 2049 pessus
1205 1990 1283 2047 sum,
1305 1976 1336 2032 et
1349 1976 1451 2047 putum
1463 1966 1575 2028 mibide

427 2078 504 2152 disti,
520 2077 612 2138 nudus
627 2075 668 2137 lui
683 2084 736 2139 etc.
761 2079 801 2140 Et
815 2096 831 2139 e
846 2084 956 2139 muira.
980 2080 1050 2151 Qua
1064 2084 1160 2140 autem
1174 2080 1213 2139 sit
1226 2095 1297 2139 vera
1308 2078 1437 2139 ebaritas
1452 2074 1575 2145 exPaulo,

427 2183 555 2245 Corinth.
571 2185 665 2259 capite
685 2188 733 2245 13.
761 2186 800 2245 Et
815 2185 891 2259 quod
907 2184 1038 2245 Christus
1052 2186 1091 2245 ad
1106 2186 1228 2247 scribam
1242 2185 1322 2243 illum
1337 2184 1469 2248 diremi:
1484 2180 1576 2253 Diliges

425 2291 585 2365 proximum
600 2291 673 2350 siout
688 2297 717 2350 te
732 2291 834 2366 ipsum,
855 2289 910 2351 boc
925 2292 1001 2351 enim
1014 2296 1060 2349 est
1074 2291 1122 2349 lex
1135 2295 1166 2350 st
1179 2290 1357 2351 mandatum.
1396 2290 1438 2349 Et
1449 2293 1574 2363 postremo

426 2396 503 2469 quod
516 2397 623 2457 Moises
638 2400 728 2457 totam
743 2396 835 2471 legem
850 2397 888 2457 ad
903 2398 1032 2471 regulam
1047 2395 1195 2456 charitatis
1217 2392 1373 2455 inflexerit
1414 2395 1458 2455 Ac
1470 2388 1576 2471 quodsd

426 2502 501 2562 hano
515 2503 643 2577 regulam
663 2503 744 2577 quasi
765 2501 803 2561 ad
824 2504 958 2563 amussim
979 2519 1077 2563 omues
1092 2502 1158 2563 vite
1173 2506 1279 2561 nostrae
1294 2500 1427 2561 aulones
1441 2494 1575 2574 dirigende

425 2612 492 2666 sunt
507 2614 560 2668 etc.
577 2608 682 2669 docuit.
705 2608 846 2668 Dominus
860 2609 956 2683 Jesus,
972 2608 1022 2683 qui
1036 2610 1137 2668 unicus
1152 2609 1244 2668 omnis
1258 2608 1378 2682 pietatis
1393 2619 1494 2680 scopus
1507 2616 1575 2678 prora

425 2718 455 2772 et
469 2715 582 2789 puppis,
598 2730 650 2774 uos
666 2714 769 2789 spiritu
783 2730 835 2773 suo
849 2715 924 2775 bono
940 2715 1063 2790 dirigat,
1079 2721 1112 2774 ut
1132 2730 1232 2775 omnes
1245 2714 1312 2775 site
1331 2717 1444 2773 noema
1458 2709 1574 2785 annus

425 2824 455 2880 et
469 2823 549 2879 actus
564 2820 601 2880 ad
615 2819 743 2894 reguum
758 2821 906 2881 eharitatis
924 2822 1051 2897 dbigere
1071 2837 1208 2895 queamus
1232 2825 1263 2879 et
1276 2835 1334 2895 quo
1347 2819 1390 2880 ad
1403 2821 1512 2895 petrem
1522 2828 1574 2893 pcr-
1631 2827 1632 2832 ’

424 2926 570 2985 veniamus
584 2942 637 3001 per
652 2923 741 2985 lilium
756 2928 830 2987 etin
844 2927 974 2987 omuibus
989 2928 1121 3003 proximo
1140 2928 1172 2986 in
1191 2924 1414 2985 edificationem
1430 2923 1573 2989 sudamus
1630 2937 1631 2942 ’

427 3032 473 3091 eui
489 3032 538 3089 uni
554 3031 686 3106 trinoque
704 3032 757 3093 deo
773 3033 811 3092 sit
824 3032 920 3094 fausta
935 3039 1073 3109 potestas.
1168 3066 1177 3079 ·

513 3135 622 3197 Eadem
642 3135 790 3197 Glaserum
810 3144 840 3199 et
854 3139 1003 3199 Liberium
1026 3139 1066 3201 ad
1087 3156 1140 3199 uos
1162 3138 1377 3199 acoemebamus
1401 3132 1573 3197 consulante

426 3239 462 3301 de
476 3242 680 3316 capitulatione
705 3245 924 3319 susquedeque
944 3262 977 3305 re
998 3238 1141 3321 perpensa
1162 3261 1248 3305 unam
1271 3249 1301 3304 et
1315 3243 1439 3304 eandem
1454 3239 1573 3301 eorumci
1627 3251 1628 3270 l

424 3346 532 3407 domiui
546 3348 660 3408 Nicolai
675 3350 778 3423 Meyer
793 3350 964 3411 senteutiam
979 3367 1043 3411 esse
1058 3350 1262 3439 comperimus,
1282 3350 1446 3423 prasertim
1467 3336 1572 3421 quoted
1626 3333 1627 3336 '

425 3454 570 3513 uxorculae
585 3454 698 3515 litteras
713 3461 743 3516 et
757 3457 821 3515 auri
831 3454 961 3516 'minores
976 3456 1127 3519 attinebat.
1625 3443 1626 3490 ¹

512 3559 660 3623 Liberium
675 3560 713 3620 ad
728 3559 843 3650 Seldum
858 3562 1020 3625 remisimus
1033 3579 1098 3622 eum
1112 3562 1327 3636 capitulatione,
1344 3562 1370 3621 si
1384 3558 1462 3622 forte
1476 3547 1569 3617 termini
1624 3579 1625 3598 ¹

424 3663 575 3723 solutionis
590 3667 742 3741 prorogari
757 3671 875 3741 possent
890 3671 920 3727 et
934 3667 1087 3743 articulus,
1104 3667 1183 3742 quod
1197 3683 1296 3729 omues
1310 3666 1438 3742 querele
1453 3662 1488 3724 ad
1502 3672 1569 3719 wll·
1622 3673 1624 3746 l

423 3784 484 3831 rem
498 3769 659 3831 referendos
675 3778 779 3848 esseut,
795 3773 930 3847 mitigari.
1622 3761 1623 3818 i

511 3873 620 3935 Eadem
635 3878 666 3935 in
681 3877 748 3937 aule
763 3878 864 3938 domus
880 3884 1046 3939 senatorum
1055 3877 1194 3953 Augusta
1208 3876 1329 3939 vidimus
1344 3877 1492 3937 doctorem
1499 3870 1566 3931 nim

421 3977 498 4038 laum
513 3980 575 4039 Eek
590 3998 608 4041 a
621 3982 759 4043 Landeok
773 4000 936 4060 supremum
950 3983 1143 4044 consiliarium
1159 3982 1304 4045 erbdlmi
1317 3982 1495 4043 Bauarorum
1509 3968 1568 4035 dudi

423 4084 563 4158 insignem
578 4085 658 4145 idum
673 4089 764 4146 vnum
779 4088 816 4165 (si
831 4090 885 4149 diis
900 4085 1016 4164 placet),
1033 4087 1082 4162 qui
1096 4093 1213 4148 strenue
1227 4086 1400 4161 evangelica
1415 4080 1522 4145 veritati
1533 4090 1566 4134 m

422 4207 478 4265 que
492 4191 523 4249 in
536 4192 612 4252 bunc
628 4192 704 4253 dem
719 4194 832 4269 restitit,
850 4198 882 4255 ut
896 4195 979 4254 testis
994 4199 1039 4254 est
1053 4195 1144 4255 omnis
1158 4192 1423 4268 superiorBavaria
1436 4206 1470 4251 ac
1482 4179 1565 4246 illd·

422 4295 525 4356 dorum
541 4298 640 4360 domus
656 4300 686 4357 iu
701 4298 896 4375 Neueuburgo
913 4299 951 4359 ad
966 4296 1131 4360 Danubium
1144 4296 1273 4359 funditus
1287 4298 1399 4359 excisa.

511 4402 606 4465 Causa
620 4403 703 4465 dilati
717 4405 803 4466 edicti
818 4410 871 4476 est,
887 4403 964 4478 quod
979 4404 1110 4468 civitates
1126 4404 1236 4479 aliquot
1249 4404 1351 4465 couma
1364 4401 1500 4477 quosdam
1512 4392 1566 4454 vii·

423 4507 502 4567 culos
516 4510 724 4583 supplicarunt.

510 4612 610 4673 Justus
624 4615 786 4675 Kolbecher
800 4614 947 4689 urgendus
969 4621 1042 4690 erat,
1057 4623 1091 4677 ut
1104 4614 1212 4676 diutim
1226 4613 1369 4675 oeconomi
1383 4609 1502 4672 officium
1514 4600 1562 4664 sul

423 4712 487 4786 iret,
503 4714 588 4789 idque
602 4718 641 4777 ad
654 4717 716 4779 dies
731 4725 796 4779 octo
811 4736 843 4781 se
856 4718 999 4781 facturum
1012 4723 1132 4797 recepit

511 4818 645 4885 maenus
659 4838 754 4884 eomes
769 4840 787 4885 a
800 4822 960 4887 Mansieldt
971 4826 1022 4887 rix
1034 4823 1144 4889 salsum
1158 4827 1331 4891 eumcum
1343 4826 1530 4899 consequent·
