3700 5692
912 725 974 793 190

356 912 425 971 stati
437 915 541 971 vestre
555 907 765 970 inobedientem
779 909 942 983 prestabit,
966 909 1018 969 sed
1032 908 1128 969 omnia
1143 906 1258 968 (lhristo
1279 908 1396 985 auspice
1417 926 1450 971 se
1470 908 1530 971 isc·

356 1021 453 1076 turum
472 1015 626 1089 promittit,
651 1030 715 1087 quse
735 1014 857 1087 probum
876 1021 906 1075 et
925 1013 1040 1075 fidelem
1060 1013 1191 1073 comitem
1214 1016 1328 1089 imperii
1344 1015 1456 1076 decent.
1486 1018 1531 1075 Ae

357 1122 399 1180 sic
412 1119 547 1180 Liberius
562 1119 650 1179 siluit.
679 1120 840 1193 Imperator
853 1121 943 1193 igitur
959 1119 1124 1191 episcopum
1137 1118 1358 1179 Atrebatensem
1372 1127 1403 1181 et
1418 1121 1446 1180 d
1460 1120 1531 1181 Pbi·

356 1222 603 1299 lippumSeldnm
624 1224 714 1283 adse
736 1240 841 1283 rocam
863 1223 987 1296 paucula
1009 1239 1072 1281 cum
1094 1222 1139 1281 his
1159 1223 1317 1283 collocutus
1337 1229 1397 1298 est,
1420 1225 1532 1285 scilicet

357 1330 459 1404 gallice
473 1330 537 1387 Pan
551 1333 613 1387 cest
627 1326 682 1386 lais
697 1328 744 1400 pci
757 1332 813 1387 etc.
844 1328 957 1387 Deinde
972 1344 1026 1401 per
1046 1328 1192 1389 demerem
1217 1328 1334 1388 Seldum
1353 1329 1531 1389 dcecancel-

356 1434 461 1493 larium
474 1431 632 1507 respondit,
648 1449 721 1506 pene
735 1434 839 1506 omnia,
855 1449 920 1505 qnae
935 1430 1070 1492 Liberius
1084 1433 1211 1507 dixerut,
1228 1434 1370 1493 verbatim
1383 1439 1531 1507 repetens,-

357 1554 457 1599 rerum
467 1538 592 1599 addidit:
608 1537 812 1597 Invictissimns
821 1544 851 1597 et
859 1536 1066 1597 illustrissimus
1076 1536 1320 1597 nostercsesar'ob
1331 1539 1473 1599 honorem
1483 1537 1532 1597 dei

358 1648 389 1703 et
399 1659 459 1702 sum
474 1659 563 1702 sacrae
580 1658 712 1701 caesarese
727 1657 853 1701 romunae
861 1642 1021 1713 malestatis
1030 1642 1157 1701 innatum
1170 1642 1349 1703 clementiam
1358 1642 1531 1701 Wolradum

357 1749 490 1807 comitem
511 1765 530 1806 a
550 1747 691 1807 Wuldeclr
713 1747 858 1805 dominum
879 1760 973 1804 meum
997 1745 1156 1819 gratiosum
1178 1760 1237 1805 una
1262 1762 1327 1805 cnm
1351 1746 1478 1807 subditis
1500 1749 1532 1807 in

358 1854 481 1927 gratiam
495 1845 596 1924 recipit
610 1859 640 1911 et
654 1867 757 1910 noxam
770 1851 813 1911 illi
827 1868 881 1924 pro
899 1852 955 1909 bac
974 1851 1036 1909 rice
1057 1852 1192 1925 remittit,
1218 1867 1253 1910 ea
1273 1856 1370 1911 tumen
1393 1852 1472 1925 lege,
1498 1856 1533 1911 ut

358 1958 463 2031 omnis,
479 1973 543 2029 quse
558 1957 589 2015 in
604 1956 807 2029 capitulatione
822 1955 1029 2029 comprehensa
1043 1961 1119 2030 sunt,
1135 1956 1172 2016 ab
1188 1956 1265 2016 dicto
1278 1956 1381 2015 comite
1388 1957 1531 2031 implean-
1613 1932 1620 1942 ’

358 2067 406 2121 tur
421 2067 451 2120 et
465 2066 623 2121 serventur.
653 2060 732 2119 Etsi
746 2059 866 2133 posthac
879 2061 1011 2119 comitem
1026 2058 1140 2119 fidelem
1155 2066 1183 2119 et
1198 2062 1324 2135 probum
1343 2076 1375 2119 se
1395 2062 1530 2135 gesserit,

358 2167 414 2226 sibi
435 2166 683 2225 clementissimum
702 2180 838 2224 cesarem
857 2180 911 2223 nec
930 2178 987 2221 non
1009 2169 1040 2223 et
1059 2164 1117 2223 suis
1137 2164 1259 2225 subditis
1282 2171 1454 2239 experturus
1475 2172 1530 2226 est.

357 2266 411 2333 His
425 2268 508 2330 dictis
522 2270 679 2367 imperator
693 2286 780 2328 manu
793 2274 872 2329 motu
885 2286 931 2328 me
946 2268 984 2327 ad
999 2286 1031 2328 se
1045 2269 1175 2330 vocabat.
1218 2270 1294 2342 Quia
1308 2285 1377 2329 vero
1397 2270 1468 2329 mibi
1488 2271 1532 2331 in·

356 2377 486 2448 junctum
500 2380 577 2449 erat,
601 2392 638 2434 ne
651 2376 683 2432 in
696 2372 798 2433 famem
816 2375 998 2447 imperatoris
1020 2374 1207 2449 inspicerem,
1231 2379 1386 2448 numquam
1406 2376 1445 2435 ab
1466 2376 1531 2449 ipso

358 2495 493 2553 vocarer,
514 2475 649 2540 Liberius
668 2494 715 2537 me
736 2476 840 2553 tetigit.
871 2479 937 2537 Ocis
956 2480 1046 2554 igitur
1059 2480 1228 2541 deosculata
1246 2497 1335 2539 monn
1348 2496 1413 2541 mea
1428 2482 1531 2542 dexte·

358 2601 422 2645 ram
437 2583 559 2643 Caesaris
574 2584 683 2643 dexmae
694 2584 790 2657 junxi,
814 2584 863 2656 qni
878 2582 1028 2643 confestim
1042 2600 1186 2657 exurgens
1201 2584 1240 2643 ad
1254 2584 1417 2645 cubiculum
1431 2601 1532 2659 regne·

359 2687 446 2761 ditur,
461 2703 516 2745 nec
530 2702 584 2760 ego
599 2688 702 2745 coclea
716 2702 818 2759 gressu
833 2687 938 2745 ostium
953 2688 1074 2747 alteram
1088 2693 1165 2762 peto.
1196 2689 1254 2749 Ubi
1267 2704 1337 2749 uero
1352 2689 1392 2749 ud
1406 2690 1531 2749 ulterius

283 2777 287 2786 ’
358 2791 583 2865 hybernaculum
597 2791 676 2864 reni,
699 2792 817 2849 ostiario
831 2791 997 2863 Esehopeth
1018 2793 1090 2853 dixi:
1115 2793 1260 2864 Quantum
1282 2792 1335 2853 tibi
1355 2798 1385 2853 et
1403 2794 1462 2852 tuis
1482 2808 1530 2853 so·

359 2896 472 2958 dabbus
486 2895 598 2954 debeo?
622 2896 768 2967 Quantum
781 2896 885 2967 placet,
900 2896 1004 2968 inquit.
1029 2897 1131 2957 Sumus
1145 2912 1216 2959 vero
1232 2913 1352 2958 numero
1369 2913 1429 2958 sex.
1454 2898 1532 2970 Quid

358 3003 416 3073 ais,
439 3003 465 3060 si
478 3001 632 3073 unicnique
646 3004 773 3059 restrum
790 3014 896 3059 aurens
910 3000 1015 3059 detur?
1047 3002 1191 3077 Summas,
1214 3004 1323 3077 inquit,
1346 3002 1399 3063 tibi
1419 3005 1531 3077 agimus

358 3105 478 3179 matins.
507 3104 565 3163 Ser
578 3105 666 3177 igitur
681 3118 785 3163 aureos
799 3120 931 3163 nummos
945 3106 1002 3163 illis
1018 3104 1093 3167 dono
1108 3108 1189 3182 dedi,
1212 3124 1319 3181 rogans
1334 3108 1474 3183 eundem,
1498 3115 1533 3169 ut

359 3211 386 3270 si
400 3210 465 3282 quis
480 3226 516 3267 ex
530 3210 637 3268 nostris
651 3224 704 3281 pro
719 3208 928 3281 subscriptione
942 3211 1104 3271 litterarum
1118 3212 1305 3271 absolutionis
1320 3228 1385 3271 eum
1400 3214 1530 3286 auoque·

358 3319 455 3389 retur,
479 3320 512 3374 ut
525 3311 603 3373 bunc
613 3314 739 3387 juraret,
755 3315 781 3371 si
795 3330 853 3387 qua
866 3330 998 3373 accessus
1012 3319 1126 3389 pateret
1140 3320 1195 3377 etc.
1227 3317 1364 3375 Promisit
1385 3324 1530 3392 prompte.

359 3420 456 3491 Atque
474 3419 522 3477 lric
541 3417 597 3476 init
615 3417 702 3489 birJus
721 3419 872 3491 tragoedioe
892 3418 994 3479 exitus.
1025 3420 1149 3492 Reliqua
1168 3427 1237 3479 suut
1256 3424 1321 3480 octo
1340 3421 1431 3481 millia
1449 3438 1532 3481 num-

359 3524 437 3581 mdm
458 3522 653 3597 expendenda.
694 3521 750 3592 Qui
770 3522 850 3581 dedit
874 3522 977 3596 vitam,
1003 3524 1083 3583 dabit
1106 3530 1136 3583 et
1156 3526 1334 3598 pecuniam·
1356 3524 1532 3585 Benedictus

192 3648 202 3663 ι
310 3661 312 3666 -
360 3628 445 3700 dens,
467 3633 550 3702 pater
569 3626 677 3687 domini
693 3631 723 3685 et
736 3627 899 3687 liberatoris
913 3629 1006 3687 nostri
1020 3630 1091 3687 Jesu
1107 3628 1212 3688 Christi
1227 3645 1291 3689 cum
1306 3645 1330 3687 s.
1346 3644 1399 3687 sno
1414 3630 1531 3703 spiritu,

361 3736 411 3807 qui
422 3750 469 3792 me
482 3733 652 3806 participem
665 3733 859 3792 calamitatum
873 3734 1027 3791 multorum
1042 3734 1155 3806 piorum
1169 3731 1247 3807 fecit,
1262 3734 1287 3793 is
1302 3748 1347 3791 me
1356 3734 1463 3806 spiritu
1478 3750 1532 3793 suo
1563 3796 1565 3800 ,

360 3838 509 3898 bonocnm
523 3839 669 3911 uxorcula,
685 3835 774 3897 liliola
789 3840 819 3895 et
832 3836 953 3895 subditis
967 3838 1092 3912 dirigere
1107 3837 1251 3911 dignetur,
1266 3841 1300 3896 ut
1313 3838 1459 3897 constanti
1473 3836 1533 3897 fide

361 3960 426 4017 quse
440 3945 556 4002 casamo
570 3944 672 4001 caesari
687 3950 718 4001 et
737 3958 801 4015 qun
822 3940 869 4000 dei
890 3942 945 4002 deo
965 3940 1088 4002 reddere
1109 3956 1226 4015 queam,
1251 3942 1300 4015 qui
1319 3957 1366 3999 me
1386 3941 1475 4001 hodie
1495 3941 1532 4001 de

360 4064 413 4109 ore
426 4047 517 4105 leonis
532 4046 647 4118 eripuit.
669 4046 804 4120 Benedic,
819 4047 942 4120 Eubule,
959 4046 1084 4119 domino,
1098 4051 1127 4107 et
1141 4046 1241 4107 laudet
1253 4050 1283 4105 te
1298 4044 1412 4105 domiue
1427 4048 1531 4121 omnis,

360 4153 407 4212 cui
421 4152 489 4211 rite
502 4151 679 4226 spiraculum
694 4150 808 4210 dedisti.
845 4152 902 4223 Qui
915 4151 988 4210 viris
1002 4156 1032 4211 et
1045 4166 1151 4224 regnes
1165 4168 1250 4211 verus
1265 4167 1300 4211 ac
1313 4167 1387 4211 unus
1402 4152 1433 4209 in
1447 4151 1532 4211 trini·

359 4261 420 4318 tute
433 4257 514 4330 dens,
530 4257 576 4315 cui
590 4258 725 4329 perennis
739 4261 877 4329 potestas,
892 4256 957 4314 laus
971 4262 1002 4315 et
1015 4257 1156 4329 perpetim
1170 4257 1208 4315 sit
1222 4256 1324 4329 gloria.
1346 4255 1450 4315 Amen.

449 4365 551 4422 Vestes
562 4378 637 4419 mese
651 4368 734 4421 erant
748 4361 858 4422 tibialia
873 4367 904 4421 et
917 4362 1023 4437 diplois
1044 4377 1078 4419 ac
1097 4361 1186 4421 calcei
1206 4361 1280 4419 bene
1300 4360 1417 4419 contriti
1437 4365 1468 4419 et
1487 4364 1533 4417 tu·

361 4468 478 4526 nicaen
491 4468 576 4540 nigro
592 4466 692 4539 serico,
708 4481 762 4525 uec
777 4466 927 4539 quicquum
942 4482 978 4525 ex
992 4466 1099 4525 nostris
1113 4469 1221 4539 proeter
1227 4464 1376 4524 Liberium
1384 4464 1415 4521 in
1425 4464 1533 4523 atriolo

360 4570 508 4629 nobiscum
522 4575 595 4629 erat.
625 4570 767 4629 Astiterat
781 4575 811 4630 et
824 4571 953 4631 Lazarus
968 4587 986 4629 a
1002 4570 1160 4629 Schwendi.
1190 4568 1237 4628 Ad
1251 4568 1409 4642 hospitium
1429 4582 1530 4626 rerer·

360 4689 410 4731 sus
423 4690 488 4733 cum
501 4675 616 4733 Joanne
631 4672 736 4735 Goselo
751 4676 810 4749 egi,
833 4680 867 4734 nt
880 4674 950 4733 mihi
964 4679 1109 4735 trecentos
1129 4671 1254 4733 florenos
1275 4672 1321 4733 vel
1344 4671 1381 4731 ab
1400 4672 1460 4731 alio
1482 4689 1531 4732 su·

361 4782 462 4848 meret,
477 4778 524 4838 vel
536 4779 600 4851 ipse
612 4784 713 4838 mutuo
728 4779 825 4851 duret,
842 4796 877 4840 uc
892 4780 960 4841 dedi
974 4778 1016 4838 illi
1030 4780 1061 4837 in
1075 4779 1178 4852 pignus
1193 4784 1310 4839 catenas
1325 4792 1430 4839 aureas
1446 4776 1531 4850 duas,
