3700 5692
940 705 1018 775 ‘att

394 903 483 959 mium
503 894 646 958 tendimus
666 893 774 955 ibidem
795 896 1009 969 peruoetautes.
1055 891 1186 955 Vidimus
1207 888 1300 955 wua
1310 890 1496 953 blassehulelt
1516 892 1564 955 de·

398 1020 501 1065 canum
515 1001 763 1075 Bambergcnsem.

483 1107 685 1168 Metuebemus
700 1104 815 1179 quidem
830 1105 914 1165 uobis
929 1122 947 1164 a
961 1106 1126 1165 marchione
1140 1104 1271 1178 liberto,
1294 1118 1395 1165 verum
1408 1104 1571 1167 Bairsdorli

396 1213 565 1290 oppidulum
578 1213 668 1287 ipsius
682 1212 944 1286 pertranseundum
958 1210 1042 1271 nobis
1056 1217 1130 1271 eret.

484 1318 644 1378 xxix-Iunii
653 1317 1043 1391 aForcluemioBembergem
1057 1318 1293 1391 preterlegentes
1302 1317 1460 1391 llogunum
1474 1321 1568 1375 muns·

396 1426 472 1486 vecti
497 1424 529 1483 in
553 1420 745 1482 Rottelsdorff
767 1424 866 1496 pransi
890 1436 1002 1497 sumus,
1033 1422 1140 1481 ibidem
1162 1423 1342 1483 invenientes
1365 1422 1570 1497 Pinzinpcrum

397 1530 660 1604 Noriubergensem
674 1544 739 1587 oum
752 1543 843 1589 uxore
858 1534 889 1589 et
901 1528 1012 1589 liberis.

486 1635 566 1697 Nota
580 1636 617 1695 de
631 1633 737 1694 annulo
751 1632 894 1694 Friderici
912 1634 1060 1708 electoris,
1082 1649 1166 1708 quem
1188 1634 1293 1695 nobilis
1308 1634 1427 1707 quidem
1441 1649 1460 1691 a
1475 1632 1570 1707 pedite

398 1757 452 1817 pro
467 1739 629 1815 quindecim
652 1738 749 1798 aureis
766 1738 889 1799 redemit
908 1756 943 1799 ao
965 1741 1118 1801 electorem
1138 1755 1173 1801 eo
1194 1740 1357 1803 redonavit.
1395 1740 1453 1798 Hic
1475 1744 1571 1800 eutem

399 1846 523 1908 annulus
537 1861 574 1905 ex
598 1844 776 1905 suecessione
797 1844 966 1905 hereditatis
986 1848 1074 1909 trium
1095 1846 1252 1907 electorum
1270 1844 1403 1905 suemus
1423 1850 1572 1919 gestamen

398 1949 462 2027 luit,
479 1951 589 2011 scilicet
602 1950 755 2024 Frideriei,
770 1949 892 2009 loannis
906 1954 936 2009 et
949 1950 1034 2025 hujus
1049 1951 1170 2011 loannis
1184 1950 1337 2025 Fuiderici
1360 1950 1411 2025 qui
1424 1948 1514 2011 modo
1528 1964 1571 2035 se·

399 2056 493 2118 eundo
513 2057 599 2130 huius
618 2055 719 2116 annuli
733 2069 881 2128 possessor
896 2060 950 2115 est.
989 2056 1063 2117 ltoru
1076 2062 1207 2117 catenam
1221 2056 1365 2130 quendum
1383 2070 1503 2116 eurcem
1517 2059 1572 2114 oir-

400 2165 473 2223 citer
488 2164 660 2237 quingentos
675 2175 780 2220 aureos
789 2160 1006 2237 ponderantem,
1023 2144 1087 2235 quae
1103 2160 1141 2221 ab
1155 2161 1269 2223 loenuc
1279 2159 1464 2222 aWeisbaob
1479 2164 1574 2233 empta

402 2275 475 2344 eret,
490 2266 545 2327 dlii
558 2267 691 2327 electoris
706 2266 761 2326 sibi
774 2266 969 2326 redemerunt.

489 2374 525 2433 In
544 2370 735 2435 Rettelsdorff
758 2371 851 2448 primo
872 2374 1033 2447 accepimus
1052 2373 1194 2449 hospitem
1218 2376 1347 2433 nostrum
1367 2370 1400 2429 in
1422 2367 1574 2445 Ooburge

400 2480 474 2541 riuis
487 2478 653 2541 excessisse.

609 2596 664 2647 Vor
680 2592 855 2657 rnnbedaobt,
873 2592 989 2645 bernaelu
1008 2596 1154 2661 geprueffet

609 2682 666 2735 Het
683 2683 831 2734 manchenn
849 2682 897 2733 eet
914 2680 1068 2736 betruebett.

493 2792 552 2853 Sub
567 2793 660 2853 noetis
674 2797 805 2853 octauam
820 2791 984 2869 Guburgem
1005 2794 1150 2866 uenimus,
1176 2792 1225 2853 ubi
1242 2797 1430 2867 posteaquem
1453 2808 1576 2867 corpora

402 2898 467 2959 orbo
481 2896 634 2957 releeirms
648 2913 682 2957 ac
696 2898 764 2971 equi
779 2898 871 2957 curati
885 2904 978 2973 erant,
994 2913 1094 2958 somno
1109 2898 1168 2958 diei
1182 2896 1300 2957 taedium
1313 2898 1491 2959 leuobumus.

492 3004 621 3063 loannes
639 3001 782 3062 Ernestus
804 3002 936 3062 Saxoniae
955 3002 1014 3063 dux
1034 3008 1064 3062 ct
1083 3001 1224 3079 Goburgcc
1244 3002 1378 3078 princeps
1399 3002 1480 3076 quod
1494 3002 1576 3063 fratri

307 3190 310 3193 Α
404 3121 457 3167 suo
470 3106 579 3167 Joenni
598 3104 748 3165 Friderioo
767 3107 896 3181 proximo
917 3108 995 3168 bello
1015 3108 1122 3169 auxilio
1144 3115 1175 3168 et
1194 3124 1289 3167 comes
1307 3106 1410 3183 inerit,
1435 3124 1576 3169 accesere

401 3211 555 3271 muletatus
568 3217 614 3271 est
627 3228 694 3272 arce
703 3213 894 3289 Konigoerg,
911 3215 971 3273 vini
986 3220 1128 3290 prouentu
1142 3218 1173 3274 et
1186 3214 1251 3275 aliis
1264 3212 1425 3275 redditibus
1440 3214 1576 3291 superbo,

403 3322 435 3379 et
454 3318 565 3393 aliquot
584 3320 705 3393 insuper
726 3319 850 3379 millibus
869 3335 1032 3380 aureorum.
1070 3320 1176 3379 Arcem
1194 3320 1269 3381 huno
1287 3338 1352 3381 oum
1371 3319 1505 3381 omnibus
1520 3322 1576 3380 suis

402 3422 534 3485 semibus
548 3424 686 3485 tilbertus
699 3424 828 3485 marchio
843 3423 1028 3485 acolmbach
1041 3430 1180 3500 tanquam
1195 3426 1302 3487 donum
1315 3442 1476 3487 caesareum
1490 3432 1576 3488 tenet.

403 3530 510 3592 Facilis
524 3537 569 3591 est
587 3532 662 3591 enim
676 3529 838 3604 benignitas
852 3546 889 3589 ex
903 3546 962 3591 nou
976 3535 1027 3591 tuo
1042 3532 1152 3606 largiri.

492 3634 661 3710 Ooburgiois
675 3651 845 3709 persuasum
866 3632 922 3695 tuit
935 3636 1184 3713 Norinberpenses
1198 3640 1313 3699 interim
1332 3636 1406 3697 illud
1430 3654 1576 3711 nunquan

402 3750 580 3819 recepturos.
603 3741 672 3803 Ata
685 3741 770 3803 nobis
783 3744 899 3804 veriora
909 3741 1005 3803 edocti
1017 3760 1076 3803 non
1091 3746 1225 3819 exiguum
1239 3760 1300 3819 prae
1316 3760 1347 3803 se
1357 3743 1489 3803 dolorem
1503 3759 1574 3818 pree·

401 3847 543 3912 ferebant.
582 3850 712 3910 Vidimus
730 3848 838 3909 ibidem
855 3849 1015 3921 symbolum
1030 3849 1135 3909 Lazari
1149 3868 1167 3911 a
1183 3849 1340 3924 Soluendi,
1360 3850 1420 3925 qui,
1436 3851 1518 3923 quod
1530 3866 1575 3910 ac·

403 3961 555 4014 cosmetur
568 3954 740 4031 proditionis
754 3955 1040 4031 inVogelsperpium
1055 3956 1247 4015 innocentiam
1262 3972 1343 4015 suam
1352 3955 1456 4033 (sidiis
1471 3952 1575 4031 placet)

379 4141 382 4146 4
405 4058 599 4137 pretendens,
614 4061 726 4122 scribit:

614 4175 728 4229 Conscia
744 4194 819 4231 mens
835 4179 903 4231 recti
921 4178 998 4229 fames
1016 4176 1155 4229 mendacia
1172 4176 1247 4229 ridet.

492 4284 586 4376 liram
600 4292 696 4355 autem
710 4291 832 4363 ipsemet
846 4288 907 4363 die,
931 4302 996 4362 ques
1012 4286 1085 4347 divis
1101 4286 1189 4346 Petro
1205 4291 1235 4346 et
1248 4287 1340 4347 Paulo
1360 4302 1445 4349 saera
1461 4294 1534 4363 erat,
1549 4293 1577 4347 et

405 4388 593 4467 coburgiannc
609 4398 639 4453 et
652 4394 847 4468 Nenmburgee
861 4394 900 4454 ed
914 4393 1012 4453 Salam
1027 4392 1172 4452 unumne.

492 4497 602 4557 Ultima
615 4499 697 4558 Juuli
712 4516 732 4559 e
745 4498 879 4574 Ooburga
893 4503 1031 4559 exeuntes
1045 4514 1142 4557 eroem
1156 4496 1294 4560 nobilium
1307 4497 1345 4557 de
1359 4498 1503 4559 Rosenau
1517 4512 1575 4556 mo-

403 4600 561 4662 nesterium
579 4603 775 4665 Molnohroett
793 4608 1002 4679 pretereuntes
1024 4606 1054 4662 iu
1069 4602 1243 4664 Neueusted
1263 4603 1441 4663 civitatulam
1462 4591 1575 4665 deveni·

408 4722 481 4765 mus.
519 4704 632 4767 Deinde
646 4709 723 4769 iuter
738 4709 888 4771 Neustadt
907 4713 938 4768 et
951 4709 1120 4771 ludenbach
1142 4724 1246 4784 pegam
1261 4710 1291 4768 in
1301 4708 1381 4783 iupis
1394 4708 1485 4783 sylva
1500 4707 1575 4768 'l'lru-
1657 4688 1658 4699 ἵ

410 4807 528 4883 rinpiee
543 4810 679 4872 tabernas
694 4818 726 4874 et
738 4830 820 4875 casus
834 4814 966 4890 uidimus,
981 4814 1031 4876 ubi
1040 4819 1154 4889 sumptu
1164 4814 1401 4889 Piuuiuperorum
1408 4810 1577 4875 conflatoris
