3700 5692
996 734 1039 798 92

438 920 583 979 dominum
606 916 750 977 constanti
764 907 860 977 auimo
876 912 1021 975 coniessus
1036 916 1084 989 sit,
1100 915 1169 989 quin
1180 920 1214 974 ιι
1223 911 1352 989 cruciligi
1365 912 1464 989 voluit,
1479 910 1547 974 facin
1558 914 1590 974 ad

434 1030 543 1084 terram
559 1040 643 1083 versa
658 1027 711 1081 etc.
736 1021 876 1095 Quodque
890 1020 1000 1093 absque
1021 1021 1067 1079 his
1089 1020 1188 1093 donis,
1214 1037 1278 1094 quae
1294 1019 1424 1081 Christus
1444 1020 1591 1082 homiuibus

434 1131 528 1205 dedit,
553 1130 623 1188 nihil
638 1143 802 1202 possemus,
828 1126 957 1199 allegans
981 1126 1121 1198 psalmum
1138 1129 1194 1201 68,
1219 1126 1309 1187 multa
1324 1125 1463 1204 ejusmodi
1477 1124 1556 1185 docta
1569 1131 1592 1185 et

432 1235 587 1295 christiana
602 1233 784 1308 simplicitate
796 1232 910 1291 docens.
935 1230 1009 1289 Nam
1024 1236 1130 1304 praetar
1142 1232 1222 1309 (raro
1237 1232 1304 1292 hnic
1318 1232 1448 1293 concioni
1463 1230 1592 1305 interfuit)

386 1358 390 1365 ·
432 1340 507 1399 cives
521 1339 623 1398 domus
639 1335 771 1397 familias.
1380 1416 1383 1423 Ι
1502 1330 1508 1341 “

522 1444 592 1502 Cum
608 1443 726 1502 Liborio
740 1441 811 1500 nihil
825 1441 862 1501 do
876 1444 958 1515 equis
973 1440 1154 1503 remittendis
1169 1442 1217 1515 agi
1232 1442 1337 1517 potuit.

520 1549 630 1609 Eadem
652 1547 817 1607 sollicitatio
839 1548 917 1621 apud
932 1547 1153 1607 attrebatensem
1173 1546 1350 1621 intermissa,
1376 1560 1431 1607 uec
1449 1546 1594 1608 Nassarlus

431 1662 499 1716 autc
514 1654 662 1714 meridiem
677 1654 823 1712 conveniri
839 1654 952 1727 potuit,
976 1670 1010 1712 eo
1032 1653 1108 1726 quod
1129 1652 1359 1727 archiepiscopus
1380 1651 1554 1713 coloniensis
1571 1659 1595 1712 ot

431 1761 493 1835 ipse
517 1758 552 1818 de
577 1757 760 1818 resarcienda
783 1760 937 1819 concordia
957 1756 1081 1818 filiorum
1097 1758 1229 1818 Ottlronis
1255 1758 1289 1817 da
1308 1758 1458 1834 Rethberg
1479 1762 1594 1833 agerent.

432 1863 549 1923 Otthoni
564 1867 660 1922 antem
676 1864 732 1922 duo
747 1870 900 1937 supersunt
913 1863 974 1938 lilii,
997 1870 1068 1923 natu
1084 1866 1175 1938 major
1190 1862 1277 1923 ottho
1294 1867 1323 1923 ιι
1338 1864 1401 1938 ipsa
1417 1866 1539 1938 nomine,
1554 1881 1594 1923 na·

431 1976 478 2030 tus
499 1975 593 2030 matre
618 1986 634 2027 e
655 1970 746 2043 stirpe
765 1969 899 2028 comitum
919 1970 957 2029 de
981 1969 1073 2043 Seyn,
1098 1973 1128 2027 ιι
1145 1970 1273 2029 Joanncs
1293 1967 1368 2027 filius
1389 1971 1499 2029 sororia
1518 1969 1593 2029 domi-

431 2091 533 2135 norum
547 2074 722 2146 Frisiorum,
746 2090 816 2147 quos
831 2074 960 2133 Jnuclrer
976 2073 1119 2133 Omelrens
1134 2091 1215 2133 soene
1231 2072 1390 2149 Caspasum
1404 2074 1594 2135 Baltlrasaruu

431 2186 461 2240 ιι
475 2179 619 2239 Simonem
636 2179 792 2240 nominant.

520 2286 625 2347 Petrus
647 2284 810 2346 aDcustad
832 2282 939 2345 Jcanni
959 2282 1108 2344 Friderico
1132 2284 1197 2344 duci
1218 2285 1334 2344 electori
1354 2290 1409 2346 etc.
1435 2286 1484 2347 hic
1505 2300 1593 2343 aerum·

430 2408 533 2453 uarum
547 2408 664 2452 suarum
679 2392 773 2451 socius
787 2396 818 2449 et
834 2407 852 2449 a
866 2388 987 2463 dapibus
1003 2387 1132 2449 ferendis
1147 2396 1199 2449 est.
1296 2442 1297 2447 ,

519 2496 636 2571 Lauina,
653 2514 672 2555 a
686 2513 743 2570 qno
759 2497 850 2554 nostri
864 2510 966 2554 carues
981 2494 1143 2555 esculentas
1155 2496 1370 2571 comparabant,
1387 2499 1498 2571 scripto
1511 2503 1542 2557 ιι
1553 2512 1593 2556 ro·

429 2603 535 2663 cabant
558 2602 773 2676 supplicationis
798 2602 916 2659 comites
931 2617 950 2659 a
964 2599 1105 2659 Waldeck
1128 2602 1253 2675 rogavit,
1278 2606 1311 2661 ut
1332 2618 1386 2675 pro
1400 2602 1495 2663 fratre
1510 2603 1593 2678 ipsius,

430 2708 526 2768 nescio
542 2708 579 2768 ob
594 2707 672 2781 qnod
686 2707 864 2765 commissum
880 2705 958 2779 apud
975 2705 1108 2765 consules
1117 2705 1257 2781 Augustae
1272 2708 1504 2781 intercederem
1519 2724 1593 2783 nago-

429 2815 501 2873 tium
515 2813 571 2873 hoc
584 2812 693 2873 Joanni
706 2811 792 2871 Halm
808 2816 837 2869 et
854 2811 939 2871 Josto
956 2810 1142 2879 Colmaoluero
1159 2811 1317 2885 injunctum
1332 2818 1385 2872 est.

519 2919 658 2979 Dominus
675 2919 711 2978 de
725 2916 910 2977 Brabantzon
932 2918 995 2975 heri
1010 2932 1046 2975 ex
1067 2917 1226 2977 Brabantia
1246 2916 1395 2976 advenisse
1408 2919 1534 2993 dicitur,
1555 2918 1594 2992 qui

430 3027 508 3085 intra
524 3025 650 3098 quinque
665 3023 726 3082 dies
741 3040 759 3083 a
773 3022 906 3081 Brnsella
920 3020 1086 3080 Brabantiae
1098 3020 1256 3095 Augustam
1271 3022 1458 3097 adequitasse
1472 3022 1593 3083 creditur.

397 3126 401 3129 ’
428 3129 540 3189 Eadem
553 3126 672 3190 Carolus
687 3146 705 3188 a
721 3128 846 3189 Stoclren
861 3126 1007 3185 uobiscum
1023 3144 1146 3200 pransus
1161 3135 1215 3187 est.

518 3234 542 3293 0
560 3234 672 3297 domine
687 3234 767 3309 desu,
784 3233 852 3307 quia
865 3229 1000 3292 immotus
1015 3247 1108 3291 sermo
1126 3234 1256 3295 veniatis
1270 3241 1328 3295 tum
1344 3241 1507 3310 permanet,
1523 3248 1593 3308 quam

415 3340 576 3414 ¹discipulis
590 3341 647 3400 tuis
663 3340 774 3399 locutus
790 3356 835 3414 es,
853 3340 965 3399 dicens:
988 3338 1076 3399 «Sine
1090 3354 1136 3397 me
1152 3339 1222 3398 nihil
1236 3340 1356 3413 potestis
1370 3338 1500 3416 iacere,»
1517 3354 1593 3414 quare

426 3447 486 3519 jam
505 3450 566 3504 tum
585 3447 616 3503 in
639 3452 735 3504 monte
755 3447 854 3506 oliveti
874 3444 963 3505 coelos
988 3460 1157 3503 ascensurus
1180 3460 1215 3504 ex
1234 3446 1331 3505 divina
1350 3451 1402 3507 tua
1426 3446 1593 3521 praedensa

362 3585 365 3594 =
428 3566 477 3610 aas
492 3566 594 3610 carere
607 3551 727 3624 jussisti,
743 3566 780 3609 ne
795 3550 832 3610 ab
848 3551 1056 3624 Hierosolymis
1072 3550 1262 3624 discederent,
1278 3558 1434 3627 autequam
1450 3555 1552 3615 virtute
1564 3567 1593 3610 ox

428 3657 488 3715 alto
508 3656 714 3729 induerentur,
743 3657 922 3731 agnoscimus
943 3656 1130 3729 cogitationes
1152 3662 1266 3715 nostras
1285 3654 1382 3717 futiles
1408 3657 1592 3727 otorantina,

428 3760 571 3820 emarcida
592 3776 706 3833 quoqne
727 3767 756 3820 ιι
775 3776 840 3835 quae
861 3762 984 3820 stultitia
1006 3760 1137 3819 hnmanae
1163 3750 1302 3821 vanitatis¹
1322 3762 1405 3823 nobis
1431 3765 1592 3824 somniamus

428 3880 525 3938 opera.
550 3865 704 3940 Trinitas,
721 3866 868 3925 mitissime
882 3881 934 3924 rex
949 3871 979 3924 et
993 3866 1129 3940 salvator,
1149 3867 1208 3938 jam
1233 3872 1298 3940 post
1313 3874 1492 3943 assumptam
1505 3870 1591 3927 hnma-

427 3971 547 4029 nitatem
567 3970 650 4030 deum
672 3987 772 4030 verum
793 3978 822 4031 et
842 3973 985 4032 homiuem
1006 3970 1044 4029 ad
1065 3971 1213 4031 dexteram
1228 3971 1284 4033 Dei
1298 3974 1390 4047 patris
1410 3975 1554 4035 sedentem
1568 3976 1592 4029 ot

427 4078 597 4147 regnantem
611 4076 812 4150 deprecamur,
833 4082 865 4136 ut
880 4077 983 4150 spiritu
998 4082 1048 4135 tuo
1063 4075 1138 4135 bono
1154 4076 1236 4136 nobis
1259 4076 1372 4152 adessa,
1397 4080 1449 4153 qui
1464 4093 1591 4152 nusquam

427 4194 485 4238 uon
500 4194 541 4253 es,
554 4175 637 4238 'velis
652 4186 682 4239 ιι
696 4180 784 4241 corda
798 4189 899 4243 nostra
913 4183 1020 4241 virtuto
1035 4198 1071 4240 ex
1086 4182 1145 4241 alto
1160 4182 1297 4257 iuduere,
1318 4188 1351 4243 ut
1363 4189 1394 4243 to
1409 4185 1501 4259 digna
1514 4189 1542 4243 ιι
1554 4182 1590 4241 ia·

427 4299 494 4343 aare
508 4290 539 4344 et
553 4286 681 4359 cogitare
696 4287 854 4363 valeamus,
870 4288 961 4361 idque
973 4304 1025 4361 per·
1039 4288 1268 4361 tuammetipsam
1282 4290 1450 4365 bonitatem,
1467 4288 1591 4365 quiricis

426 4394 457 4448 ot
478 4406 583 4464 regnas
610 4406 673 4449 cnm
699 4390 763 4451 Deo
786 4397 868 4465 patre
894 4399 924 4452 et
949 4409 1031 4454 sacro
1058 4398 1211 4466 pneumate
1237 4394 1307 4453 dous
1335 4395 1428 4454 trinus
1452 4401 1499 4459 est
1517 4406 1589 4453 nnus.

366 4535 369 4539 -
429 4493 531 4553 Amen.

518 4600 658 4671 Quoniam
672 4617 748 4661 vana
761 4618 827 4675 spes
842 4602 879 4660 ab
891 4602 1014 4676 homine,
1030 4600 1184 4663 fontismo
1194 4604 1409 4666 ChristaSohilo
1423 4611 1458 4665 tu
1473 4610 1588 4665 nostram

428 4718 545 4763 causam
559 4716 622 4777 age.

516 4806 627 4865 Eadem·
647 4809 723 4867 inter
746 4810 861 4871 tertiam
881 4816 912 4869 at
935 4816 1066 4884 quartam
1088 4815 1312 4889 pomeridianam
1333 4815 1421 4876 horas
1435 4815 1532 4877 Cesar
1543 4828 1587 4890 per
