3700 5692
950 699 994 765 Sd

386 890 621 962 denamcquitcs
636 886 750 946 circiter
765 886 841 944 mille
858 888 887 943 et
903 882 1012 956 aliquot
1033 885 1178 940 tormenta
1198 895 1280 939 aenea
1294 894 1358 939 oum
1372 879 1488 953 pulvere
1509 894 1550 937 ar·

385 996 526 1057 mentario
550 999 616 1066 etc,
649 997 679 1051 et
698 995 889 1064 praetereant
907 988 947 1047 ad
966 987 1072 1047 dietam
1094 988 1125 1047 in
1143 987 1300 1049 Hannover
1324 986 1459 1045 mitteret.
1495 986 1554 1058 lpse

387 1107 484 1161 autam
499 1114 553 1173 ego
573 1097 655 1175 (quia
669 1113 715 1155 me
734 1096 843 1155 nullam
866 1096 913 1154 vel
936 1109 988 1167 pro
1011 1108 1057 1151 me
1082 1094 1145 1167 ipso
1161 1094 1285 1167 gratiam
1299 1091 1377 1167 apud
1391 1091 1554 1151 coemrieuos

387 1220 520 1282 proceres
535 1205 666 1262 invenire
680 1200 839 1277 sperarem)
855 1213 974 1258 oausam
987 1198 1062 1288 hanc
1077 1214 1095 1261 a
1109 1214 1154 1257 mo
1168 1199 1267 1271 rejeci.

476 1309 588 1369 Eadem
602 1308 737 1368 ostiarius
752 1320 873 1367 mmeree
887 1304 1002 1387 concilii
1016 1304 1172 1377 imperialis
1185 1305 1265 1377 jussu
1282 1300 1556 1390 consiliariorum‘ad

388 1416 543 1491 hospitium
565 1418 694 1472 nostrum
717 1413 833 1470 veniens
858 1412 966 1484 scripta
986 1408 1239 1483 redintegrationis
1260 1410 1443 1483 querelarum
1456 1405 1557 1465 Peder-

389 1520 539 1583 bornensis
558 1519 690 1593 praesulis
712 1522 814 1577 contra
834 1516 952 1574 comites
968 1530 986 1573 a
1001 1514 1141 1573 Waldeelr
1155 1515 1283 1587 Eubulo‚
1307 1530 1391 1588 quem
1407 1512 1498 1573 solum
1510 1510 1556 1570 ihi-

390 1628 456 1689 dem
469 1625 587 1699 rcperit,
603 1621 730 1681 tradidit.
754 1621 905 1696 Philippus
927 1625 956 1679 et
979 1620 1106 1680 Joannes
1126 1618 1233 1681 fratres
1253 1622 1345 1681 nostri
1358 1636 1432 1679 cum
1452 1618 1558 1678 domina
1642 1620 1643 1625 ’

389 1733 519 1809 principe
541 1729 653 1789 Hassiae
668 1729 766 1801 pransi
780 1732 856 1801 sunt,
873 1727 987 1787 Samuel
1008 1731 1037 1786 et
1050 1725 1182 1785 Eubulus
1201 1728 1232 1785 in
1252 1726 1378 1800 hospitio
1401 1738 1558 1799 pertense-

390 1843 468 1897 runt.
497 1835 552 1895 Est
565 1850 664 1893 rumor
679 1834 716 1893 de
731 1832 874 1893 solvendis
888 1832 1018 1891 comitiis.
1046 1826 1189 1891 Dominus
1204 1831 1240 1891 dc
1256 1832 1334 1905 Lyra
1351 1829 1400 1908 (ex
1415 1830 1476 1888 cive
1490 1829 1559 1903 prin·
1642 1906 1643 1917 ἵ

392 1939 471 2015 ceps)
482 1939 590 2001 Oaesari
603 1939 753 1998 sconsiliis
763 1942 793 1998 et
801 1939 943 1998 exercitus
952 1936 1010 2003 dux
1018 1936 1057 1997 ad
1066 1936 1215 1997 cattorum
1227 1937 1388 2012 principem
1398 1920 1501 1995 missus
1513 1937 1558 1992 est.
1642 1964 1643 1981 κ

410 2064 414 2070 ’
479 2046 599 2105 Fuimus
613 2044 714 2104 eodem
735 2044 766 2101 in
781 2040 896 2103 officina
910 2043 1068 2116 cujusdam,
1092 2044 1143 2115 qui
1163 2044 1193 2101 iu
1208 2042 1336 2101 caelando
1360 2040 1560 2101 aurichalcoet

392 2155 427 2212 in‘
446 2156 509 2210 arte
529 2148 641 2209 lusoria
663 2148 741 2209 hand
760 2146 844 2208 lacile
865 2164 966 2221 parem
985 2149 1015 2207 in
1040 2146 1194 2209 Germania
1212 2146 1323 2207 hahere
1344 2147 1470 2221 dicitur,
1492 2143 1561 2219 apud

393 2273 480 2330 quem
500 2255 678 2316 ecclesiastes
700 2253 816 2329 quidum
835 2254 866 2311 in
887 2252 1081 2327 Memmingen
1099 2253 1402 2319 Joannes,11ummeln
1427 2252 1517 2321 dimus
1535 2250 1561 2307 ir

393 2360 603 2436 usumdaesaris
618 2361 761 2435 horologii
775 2359 889 2422 thecam
903 2375 941 2419 ex
955 2359 1117 2419 aunchaloo
1132 2356 1322 2433 deargentato
1338 2364 1369 2417 et
1384 2356 1509 2432 desuper
1522 2356 1560 2431 iu·

393 2473 496 2529 aurato
510 2482 575 2525 cum
590 2468 681 2542 signis
696 2467 870 2539 coelestibus,
887 2482 973 2525 cursu
988 2465 1122 2540 siderum
1140 2465 1299 2539 digestione
1313 2464 1505 2537 planetarum,
1520 2476 1560 2521 re·
1642 2454 1643 2531 g

394 2572 540 2632 volutione
563 2573 630 2651 coeli
652 2578 682 2631 et
704 2573 802 2632 nescio
827 2571 930 2644 quibus
953 2587 1013 2630 non
1033 2571 1109 2629 notis
1123 2570 1251 2643 undique
1263 2568 1342 2630 toras
1358 2571 1492 2629 celatum
1505 2566 1561 2627 fieri

394 2682 541 2753 procurat,
557 2678 637 2750 cuius
652 2677 747 2749 operis
762 2681 874 2749 partem
889 2676 1015 2749 aliquam
1030 2674 1159 2735 vidimus.
1194 2675 1308 2735 Dicitur
1322 2681 1421 2735 autem
1435 2675 1561 2741 Hamme-

394 2780 450 2839 lins
464 2779 513 2839 ille
527 2780 600 2839 adeo
615 2798 722 2854 guarus
736 2781 780 2840 rei
795 2782 993 2840 astronomicae
1008 2787 1039 2841 et
1051 2780 1195 2855 mathesis,
1211 2786 1244 2839 ut
1257 2782 1321 2856 ipso
1335 2780 1453 2857 ulpiano
1468 2780 1561 2841 cedere

394 2900 454 2944 non
466 2884 608 2946 rideatur.
631 2885 743 2945 Eadem
756 2884 965 2958 Milchlingium
979 2887 1018 2946 ad
1032 2887 1132 2945 ducem
1140 2887 1304 2961 Ernestum,
1320 2887 1345 2945 si
1357 2885 1436 2949 forte
1449 2887 1561 2959 resorip

395 2990 488 3063 sisset,
503 2990 639 3049 misimus.
663 2990 759 3049 Sedis
774 2989 846 3048 nihil
859 2993 991 3063 responsi
1005 2992 1037 3051 id
1051 2994 1188 3067 temporis
1202 2992 1310 3051 retulit.

457 3101 459 3103 ’
486 3093 634 3170 Quoniam,
658 3111 766 3154 summe
786 3100 815 3155 ot
835 3096 1009 3170 sempiterne
1032 3096 1102 3155 deus
1122 3097 1211 3155 oculis
1226 3098 1284 3157 tuis
1299 3097 1373 3157 nihil
1388 3102 1435 3157 est
1449 3095 1559 3157 ahsoon-

396 3200 487 3262 ditum
502 3206 532 3261 et
544 3201 647 3259 millies
661 3202 763 3261 melius
778 3218 811 3261 ac
832 3201 915 3263 nohis
935 3203 1005 3277 ipsis
1021 3207 1136 3263 cunctas
1151 3202 1336 3263 necessitates
1352 3209 1469 3265 nostras
1484 3201 1560 3275 nasu

396 3305 539 3369 momnis
561 3307 785 3367 misericorditer
803 3309 888 3382 iuxta
910 3308 1119 3381 heneplacitum
1135 3308 1246 3369 divinae
1265 3308 1495 3369 voluntatistuae
1509 3306 1560 3365 dis·
1642 3384 1643 3393 ἵ

397 3429 481 3489 pone,
497 3412 552 3472 tihi
565 3414 640 3472 enim
654 3413 710 3471 soli
723 3429 789 3473 cnm
804 3414 933 3487 ecclesia,
956 3412 993 3472 ab
1014 3415 1133 3488 antiquo
1153 3413 1274 3475 fidentes
1288 3414 1391 3473 merito
1408 3420 1438 3475 et
1451 3412 1561 3487 promis·
1642 3400 1643 3483 Ϊ

396 3519 524 3579 sionibus
538 3516 590 3577 lilii
604 3520 648 3577 tui
662 3517 847 3592 dilectissimi,
873 3518 979 3577 domini
994 3522 1149 3581 seruatoris
1165 3520 1256 3581 nostri
1269 3518 1341 3581 Jesu
1356 3519 1474 3593 Christi,
1490 3517 1559 3577 cani·

396 3639 468 3687 mas.
492 3624 607 3686 Exaudi
621 3640 674 3683 nos
690 3622 761 3682 deus
776 3624 911 3683 salutaris
925 3630 1025 3683 noster
1039 3631 1070 3686 et
1083 3626 1226 3701 propitius
1243 3629 1305 3685 esto
1319 3622 1560 3699 peccatisnostris

395 3732 515 3803 propter
529 3744 633 3788 nomen
652 3713 783 3789 sanctum
796 3734 887 3787 tuum.
924 3729 1039 3790 Exaudi
1054 3748 1115 3805 nos,
1130 3732 1256 3805 iuquam,
1281 3731 1440 3809 iniustitia
1454 3736 1512 3804 tua,
1533 3732 1560 3785 ut
1642 3782 1643 3791 a

396 3833 447 3891 uni
461 3834 568 3893 nomini
581 3839 633 3906 tuo
647 3835 686 3892 sit
699 3836 800 3907 gloria.
820 3834 901 3909 Rege
915 3849 968 3895 nos
984 3837 1088 3910 spiritu
1101 3842 1201 3897 sancto
1215 3843 1275 3911 tuo,
1289 3854 1331 3898 ne
1340 3853 1510 3910 proruamus
1527 3831 1560 3905 ad

396 3936 545 3997 dextoram
559 3954 654 4011 noque
670 3941 708 4000 ad
722 3941 868 4000 sinistram
883 3940 1060 4016 dilabamur,
1077 3942 1133 4002 sed¹
1142 3941 1181 4002 ad
1195 3958 1323 4003 normam
1335 3947 1396 4015 tue
1412 3941 1559 4003 voluntatis
1642 3930 1643 3943 ¹

396 4042 493 4103 omnia
506 4049 605 4103 nostra
619 4044 815 4117 instituamus,
842 4062 896 4120 per
910 4046 1038 4105 eundem-
1055 4040 1200 4107 dominam
1220 4054 1349 4113 nostrum
1369 4049 1470 4109 desum
1483 4046 1557 4109 dhri-

396 4150 482 4223 stum,
498 4162 563 4207 oum
577 4164 634 4222 quo
648 4149 702 4208 tihi
717 4155 747 4209 et
760 4165 783 4207 s.
800 4150 903 4223 spiritu
918 4152 957 4209 sit
971 4151 1133 4221 benedictio
1148 4154 1211 4214 leus
1226 4158 1257 4213 et
1270 4155 1445 4227 sempiterna
1459 4153 1557 4228 gratia·

393 4255 557 4313 rumactio.
579 4254 681 4314 Amen.
981 4308 984 4313 .

484 4361 535 4434 xiij
550 4361 624 4434 Maji
639 4338 724 4433 qaam
740 4360 969 4422 Chmshauoram
984 4362 1086 4437 vulgus
1101 4362 1271 4425 dominicam
1284 4364 1399 4425 Exaudi
1420 4368 1511 4438 vocat
1531 4362 1558 4421 in

396 4462 459 4524 ede
473 4464 612 4525 Mauritio
631 4482 716 4527 sacra
736 4468 827 4527 lector
849 4483 903 4541 pro
922 4468 1043 4529 ambone
1063 4475 1150 4545 caput
1172 4472 1212 4529 14
1227 4469 1360 4536 Matthaei
1382 4469 1557 4544 evangeliste

395 4570 482 4644 legit,
505 4575 536 4630 et
557 4576 680 4647 coetera,
700 4587 766 4646 qua
787 4574 894 4650 scripto
917 4577 1107 4647 pronunciare
1125 4576 1150 4633 is
1173 4576 1255 4635 solet.
1293 4574 1481 4649 Wnllgangns
1495 4586 1556 4633 vero

396 4673 544 4733 Masculus
554 4691 662 4748 excap.
671 4678 711 4736 15
721 4678 843 4737 Joannis
857 4680 919 4738 haec
933 4680 1022 4739 rerba
1036 4682 1198 4755 proposuit:
1218 4682 1296 4742 «Vos
1307 4683 1367 4755 jum
1380 4679 1481 4740 muudi
1495 4678 1556 4739 estis

398 4781 517 4850 propter
532 4779 659 4855 verbum,
676 4782 754 4868 quod
765 4783 878 4847 locutus
887 4800 951 4845 sum
962 4784 1053 4859 vohis,
1063 4790 1176 4847 manete
1188 4788 1219 4847 iu
1232 4802 1278 4847 me
1293 4794 1323 4849 et
1337 4801 1389 4861 ego
1404 4787 1436 4847 in
1450 4783 1552 4845 rehu.»
