3700 5692
822 753 936 827 ‘sss
997 726 1011 790 '·

310 945 485 1020 plectuntur,
504 944 704 1005 cummaxime
717 944 833 1004 intersit
845 958 954 1018 corum,
980 942 1029 1016 qui
1044 942 1083 1004 ad
1097 942 1291 1016 gubernacula
1305 942 1415 1016 sedent,
1431 958 1483 1016 pu·

312 1051 370 1111 oiri
384 1052 449 1110 baec
467 1050 587 1111 coelem.
626 1050 685 1111 Sed
704 1051 776 1125 quid
794 1048 908 1110 dicam?
931 1050 984 1121 ait3
1007 1058 1056 1107 res
1075 1053 1145 1107 eunt
1163 1051 1195 1106 ut
1215 1054 1333 1120 possunt
1357 1047 1486 1123 (nolebat

312 1158 389 1215 euim
404 1158 578 1216 camerinam
591 1156 670 1216 illam
684 1157 833 1216 iberorum
848 1161 878 1215 et
886 1153 1095 1213 Germanorum
1110 1169 1223 1227 quoque
1238 1155 1332 1212 sorim
1347 1153 1489 1230 movere),-

305 1264 481 1323 -absterrens
496 1275 610 1335 quoqne
625 1262 759 1336 apposita
773 1261 909 1321 antithesi
924 1261 961 1320 de
982 1262 1026 1319 ira
1041 1265 1070 1318 et
1085 1260 1280 1331 contentione,
1295 1260 1483 1335 potissimum,

311 1384 378 1427 cum
391 1367 480 1426 simus
493 1365 547 1424 filii
560 1367 639 1439 pecie
654 1372 685 1426 et
698 1366 873 1440 concordiae,
899 1380 936 1423 ne
958 1362 1040 1425 irene
1063 1366 1143 1423 carni
1159 1370 1265 1425 nostrae
1279 1365 1483 1439 relaxaremus,

311 1468 578 1533 commonefaciens.
616 1471 692 1531 Nam
706 1472 731 1529 si
745 1472 788 1529 iili
802 1471 992 1548 blandiamur,
1017 1476 1095 1531 certe
1111 1470 1252 1529 discurret
1266 1471 1296 1529 in
1312 1486 1394 1529 omne
1409 1486 1483 1544 prae·

311 1580 432 1653 ruptum
446 1581 476 1636 et
490 1592 619 1651 preceps
633 1578 777 1636 vitiorum.
810 1576 868 1635 Sed
882 1576 982 1635 desum
999 1574 1142 1635 Christum
1165 1576 1316 1649 imitemur,
1341 1574 1417 1648 quod
1432 1592 1483 1635 uo-

311 1684 355 1742 bis
367 1696 424 1757 per
439 1677 560 1741 eunddm
584 1681 718 1741 dilodum
738 1681 827 1743 filium
850 1698 933 1741 snum
955 1685 1039 1755 poter
1061 1682 1186 1755 ooelestis
1208 1681 1308 1755 largiri
1331 1685 1361 1739 et
1382 1681 1412 1739 in
1427 1681 1484 1753 spi-

311 1788 373 1847 ritu
387 1804 412 1846 s.
428 1803 482 1848 suo
496 1802 598 1861 regere
612 1786 701 1847 corda
714 1794 815 1847 nosne
830 1788 974 1862 dignetur.
998 1787 1100 1846 Amen.
1321 1772 1326 1779 ’

404 1892 515 1952 Eadem
531 1891 686 1952 Cbuurado
701 1909 720 1951 a
734 1891 910 1953 Schonstadt
932 1893 1045 1951 litteras
1068 1891 1106 1951 ad
1121 1892 1265 1951 dominam
1280 1908 1401 1967 socrum,
1418 1893 1484 1953 chu-

311 2016 375 2058 ram
390 1998 541 2071 coniugem
560 2002 589 2057 et
611 2001 726 2059 nostros
747 1998 823 2057 domi
843 1999 960 2058 relictos
983 1997 1120 2057 dedimus.
1159 1998 1296 2057 Glaserus
1319 2017 1433 2074 qnoque
1448 2002 1485 2060 od

311 2102 575 2178 Heuucbergenses
589 2104 733 2178 principes
747 2104 925 2177 perscripsit.
949 2103 1097 2163 Liberium
1113 2103 1150 2163 ad
1164 2105 1295 2163 comitem
1302 2105 1484 2165 Wilhelmnm

314 2211 454 2270 misimus.

402 2313 492 2373 Venit
506 2312 621 2373 Samuel
641 2329 730 2388 nepos
753 2319 852 2373 noster
874 2314 918 2373 illi
936 2330 955 2373 a
974 2313 1079 2373 nuncio
1101 2312 1247 2373 (latiorum
1270 2316 1408 2390 principis
1424 2317 1484 2389 jam

313 2428 375 2481 tum
390 2422 422 2480 in
436 2420 533 2494 platos
547 2418 739 2494 presentibus
760 2423 863 2478 comite
878 2418 1032 2479 wilhelmo
1052 2436 1070 2478 s
1085 2418 1197 2478 Nassuu
1218 2423 1248 2479 et
1266 2420 1285 2478 J
1287 2438 1378 2479 oanue
1392 2421 1482 2481 Rhot-

313 2529 416 2601 bergio
430 2526 537 2584 dictum
552 2540 632 2599 esse,
649 2524 791 2585 dominam
806 2526 965 2599 principem
980 2524 1166 2584 admonitum
1182 2525 1395 2600 landtgravium
1411 2544 1483 2587 nou·

301 2634 383 2713 ,dnm
395 2632 563 2703 admissam,
585 2630 639 2690 sed
656 2648 716 2689 uon
737 2632 838 2705 procul
858 2633 890 2689 in
904 2630 1041 2705 oppidulo
1059 2631 1143 2704 juxte
1156 2632 1299 2691 Heilbrun
1314 2648 1376 2691 eam
1391 2631 1483 2692 adhuc

312 2740 487 2811 mansitare,
509 2738 642 2809 huncque
660 2738 792 2795 nundum
805 2738 916 2796 misisse
931 2738 968 2797 ed
982 2736 1202 2811 impetrandum,
1218 2753 1275 2810 quo
1288 2736 1363 2795 liber
1376 2738 1432 2810 ipsi
1446 2736 1483 2797 ad

313 2846 450 2903 maritum
470 2849 546 2901 esset
559 2842 671 2917 aditm‚
691 2856 843 2915 secumque
863 2844 1044 2903 constituisse
1064 2859 1099 2901 ex
1119 2843 1163 2901 his
1186 2844 1244 2902 oris
1259 2858 1317 2900 non
1333 2843 1485 2903 excederet

311 2953 344 3009 ni
359 2948 478 3009 videndi
492 2949 576 3022 copia
590 2950 618 3005 ei
632 2945 724 3007 fieret.

403 3055 428 3114 0
442 3054 586 3127 Fortuna,
608 3053 753 3127 Fortuna,
768 3058 801 3111 ut
815 3070 868 3113 uos
881 3072 936 3129 pro
951 3052 1010 3128 pila
1033 3053 1131 3114 babes.
1170 3053 1301 3127 Respice,
1319 3052 1439 3127 domiue,
1455 3060 1485 3114 ct

310 3162 467 3232 miserere3
490 3157 607 3217 tandem
620 3163 732 3233 tempus
746 3158 895 3232 surgendi,
911 3160 986 3229 veui,
1004 3157 1126 3232 domiue,
1143 3165 1173 3217 et
1183 3160 1282 3233 judica
1295 3162 1419 3219 terram!

403 3265 555 3339 Phiiippus
570 3265 705 3338 princeps
719 3278 783 3323 cum
797 3264 895 3323 rideat
914 3279 947 3341 se
962 3261 1086 3335 numque
1110 3263 1240 3323 delusum
1255 3280 1291 3322 ex
1304 3266 1484 3339 impatientia

310 3377 343 3431 et
357 3372 458 3431 morbo
470 3371 622 3446 phrenesi
643 3370 779 3430 laborare
792 3370 938 3427 metuitur.
978 3368 1049 3443 Spes
1069 3366 1239 3428 afflictorum
1254 3370 1333 3430 Deus
1355 3377 1385 3430 ct
1398 3372 1441 3429 illi
1456 3376 1484 3429 et

287 3504 291 3514 ·
310 3476 396 3537 nobis
411 3475 521 3536 adesto.
591 3478 597 3488 '
708 3472 723 3503 ‘

402 3582 558 3642 Manfidus
574 3582 632 3641 dux
647 3582 780 3658 Senoniae
795 3587 826 3641 st
839 3598 929 3657 gener
940 3581 1091 3641 cattorum
1106 3578 1243 3655 principis
1259 3582 1409 3642 simulator
1423 3597 1482 3641 ma·

311 3689 408 3747 xiruus
422 3686 603 3747 consiliarios
617 3700 684 3746 suos
698 3690 803 3746 sensim
818 3704 837 3746 s
852 3687 968 3748 douuno
982 3688 1112 3762 principe
1127 3690 1241 3746 amerit.

402 3791 515 3852 Eadem
527 3794 704 3853 decutiatum
718 3794 870 3854 Nicolaum
883 3793 980 3853 Maier
994 3794 1150 3852 irrisimus.

403 3897 504 3958 Comes
513 3914 539 3972 ,a
553 3898 667 3959 Nasson
681 3900 737 3959 boc
751 3898 798 3959 die
813 3915 876 3957 cum
891 3898 1058 3975 proceribus
1073 3898 1183 3971 aliquot
1197 3896 1310 3975 aulicis,
1327 3916 1400 3974 quos
1415 3916 1482 3959 oon·

308 4005 390 4064 virio
405 4008 577 4079 excepturus
592 4010 671 4077 crat,
692 4002 729 4064 de
750 4006 867 4079 negotio
882 4011 983 4065 nostro
1006 4021 1092 4079 agere
1108 4007 1208 4066 voluit.
1248 4006 1305 4065 Sed
1319 4012 1420 4081 postea
1434 4024 1483 4066 ex-

308 4110 388 4185 perti
408 4126 505 4168 sumus
525 4111 668 4169 nemiuem
690 4112 768 4170 inter
787 4126 965 4170 caesareauos
987 4128 1063 4186 esse,
1085 4114 1134 4187 qui
1149 4130 1236 4187 super
1250 4114 1420 4174 contritione
1434 4114 1484 4173 Jo-

308 4215 383 4290 sepb
398 4213 586 4289 affligeretur.

400 4319 510 4379 Eadem
526 4318 712 4379 cuonradum
727 4337 746 4379 a
761 4321 922 4381 Schonstad
938 4300 1052 4381 domum
1066 4324 1289 4383 emendarimus.

401 4426 530 4485 loannes
550 4442 570 4483 a
589 4425 752 4485 Schonstad
766 4426 945 4486 Luderitium
961 4430 1094 4487 convenit
1115 4434 1144 4487 et
1168 4410 1244 4487 idem
1266 4427 1346 4486 uobis
1370 4428 1483 4488 obviam

309 4529 415 4589 famus
439 4530 625 4589 Permisimus
647 4532 736 4604 igitur
756 4532 897 4591 voluntati
911 4532 1085 4593 marchionis
1099 4534 1241 4607 electoris,
1264 4533 1294 4591 si*
1304 4534 1484 4596 intercedere

307 4652 364 4709 pro
379 4636 464 4695 nobis
479 4636 568 4695 vellet
581 4652 620 4695 au
635 4652 726 4696 secus.

401 4740 501 4800 Caesar
520 4755 575 4815 per
596 4740 777 4801 archiducem
792 4742 1018 4803 liauimilionum
1040 4758 1058 4801 s
1080 4748 1182 4803 seustu
1200 4743 1369 4819 Augustauo
1391 4747 1482 4820 petiit,

308 4852 344 4908 ut
357 4848 384 4906 is
398 4847 450 4921 qui
467 4862 504 4907 ex
518 4848 768 4911 concionatoribus
782 4848 819 4909 de
838 4850 954 4909 iuterim
968 4849 1017 4909 illo
1032 4848 1149 4909 sinistre
1163 4850 1274 4911 locutus
1289 4857 1378 4925 esset,
1399 4852 1482 4912 casti·
