3700 5692
918 714 1013 816 ees¹

370 912 406 957 ne
422 896 516 957 dicem
529 896 608 971 qnod
622 895 660 957 od
673 896 843 971 religionem
857 898 1042 959 christianam
1056 897 1169 974 attinet,
1192 898 1262 959 milri
1276 916 1335 960 non
1349 900 1449 975 ignote
1463 906 1539 961 sunt.

370 1003 492 1076 Insuper
505 1009 538 1063 nt
553 1000 673 1062 dominis
686 1002 976 1077 Hennebergeusibus
991 1005 1114 1079 nuntiet,
1145 1004 1170 1063 si
1185 1020 1243 1079 qne
1257 1006 1364 1080 possim
1378 1006 1450 1081 ipsis
1464 1022 1539 1079 prae-

369 1114 447 1168 stare
462 1115 555 1184 grele
570 1124 616 1169 me
630 1125 688 1169 non
703 1108 825 1170 invitum
838 1105 989 1169 factunm.
1024 1108 1131 1170 Verum
1145 1111 1208 1169 hoec
1222 1116 1354 1186 tempore
1368 1115 1399 1172 et
1412 1128 1540 1187 pressen-

367 1219 413 1274 tes
436 1213 536 1274 donnus
556 1230 591 1273 ec
608 1214 736 1288 regionis
756 1230 828 1275 mese
852 1218 944 1274 steens
963 1229 1022 1274 non
1049 1216 1232 1290 permittunt,
1255 1221 1289 1277 ut
1308 1214 1392 1277 foele
1411 1232 1466 1293 pro
1488 1234 1541 1278 sne

369 1320 546 1395 principibus
567 1319 654 1395 digne
672 1319 828 1394 prudentis
851 1318 959 1379 dormm
977 1319 1034 1379 mei
1048 1320 1232 1382 considerare
1247 1327 1378 1397 possent3
1399 1339 1464 1396 quse
1479 1339 1539 1383 om·

369 1426 419 1485 nie
435 1426 476 1484 sic
491 1442 554 1486 esee
567 1425 712 1499 principes
725 1425 983 1499 Hennebergenses
1005 1425 1126 1499 posthoc
1145 1427 1231 1487 letius
1246 1432 1277 1487 et
1290 1428 1406 1505 optimis
1419 1429 1540 1489 rationi-

369 1532 423 1591 bus
438 1530 553 1592 edoceri
568 1537 598 1591 et
612 1533 750 1593 certiores
764 1528 829 1591 fieri
843 1533 972 1605 possunt.
1010 1529 1094 1590 Omni
1108 1532 1211 1607 igitur,
1228 1548 1286 1606 qus
1300 1548 1426 1607 possum,
1449 1534 1542 1593 amics

369 1635 562 1697 obtestatione
579 1640 609 1697 et
623 1639 710 1698 enimi
725 1637 914 1698 submissione
928 1650 1040 1711 precor,
1056 1642 1089 1697 ut
1104 1636 1211 1697 domini
1225 1637 1263 1698 ab
1277 1638 1452 1713 Henneberg
1466 1638 1542 1699 hunc

368 1757 462 1801 mecm
476 1742 687 1804 excusationem
709 1760 767 1804 non
789 1760 845 1817 pro
866 1740 963 1801 efficta
982 1746 1107 1801 et'vsns
1131 1743 1338 1805 detrectatione
1351 1750 1412 1804 um
1426 1745 1541 1808 honesti

370 1850 489 1924 negocii,
505 1850 556 1909 sed
570 1865 624 1923 pro
638 1850 802 1909 necessarie
822 1852 853 1908 et
873 1845 1033 1908 inevitabili
1054 1848 1216 1923 benigniter
1234 1855 1264 1910 et
1277 1850 1368 1911 amice
1382 1852 1542 1925 suscipient

369 1957 399 2011 et
413 1952 490 2028 opud
504 1954 726 2015 illustrissimum
746 1954 887 2015 Joennem
909 1952 1089 2013 Fridericum
1112 1952 1212 2015 ducem
1232 1956 1365 2017 Saxoniae
1387 1958 1540 2016 electorem

369 2063 467 2119 ustum
482 2064 537 2120 etc.
561 2076 645 2135 quem
659 2061 816 2121 humillime
830 2059 1030 2135 deprecentur.
1055 2058 1086 2121 Si
1101 2076 1159 2134 que
1173 2062 1245 2121 nlius
1260 2063 1330 2137 ipsis
1340 2061 1463 2123 dominis
1477 2066 1541 2120 ten·

369 2177 455 2238 qnam
470 2166 546 2240 petri
567 2172 597 2227 et
618 2164 699 2227 efflui
718 2167 789 2226 meis
811 2164 998 2227 observandis
1017 2170 1046 2225 et
1066 2167 1243 2227 amicissimis
1265 2168 1405 2228 mservire
1425 2182 1539 2241 queem,

369 2287 454 2345 spero
476 2271 555 2345 quod
575 2273 701 2331 animum
721 2288 815 2332 meum
833 2288 870 2331 ex
890 2267 968 2331 fecto
988 2272 1130 2333 noverint
1167 2272 1215 2333 Ad
1237 2290 1358 2348 quorum
1372 2270 1469 2333 officis
1481 2288 1541 2332 une

368 2392 433 2436 cum
447 2393 538 2437 uxore
555 2384 586 2438 et
604 2377 703 2438 liberis
723 2394 769 2437 me
789 2382 880 2437 totum
901 2375 991 2437 oliero
1011 2382 1040 2437 et
1062 2393 1126 2437 cum
1146 2378 1231 2439 modo
1254 2379 1335 2439 eliud
1348 2394 1407 2439 non
1421 2380 1538 2454 possim,

368 2482 475 2541 curabo
489 2484 566 2542 utin
579 2486 686 2544 nostris
700 2483 828 2544 ecclesiis
843 2498 998 2560 suppresso
1012 2487 1110 2543 tumen
1133 2486 1262 2560 nomine,
1286 2500 1339 2560 pro
1353 2485 1475 2545 Alberto
1491 2500 1538 2545 ec·

368 2602 431 2644 rum
445 2589 551 2664 emico,
572 2589 791 2649 clementissimo
811 2589 941 2664 principe
954 2604 1019 2649 meo
1035 2594 1147 2665 oretur,
1170 2593 1203 2649 nt
1218 2588 1348 2650 Christus
1362 2591 1457 2665 ipsum
1471 2606 1540 2651 uere

368 2693 400 2750 in
412 2694 458 2752 sni
472 2695 648 2769 agnitionem
668 2695 791 2755 educere
811 2694 959 2769 dignetur,
984 2694 1103 2769 insuper
1116 2710 1237 2771 regens,
1263 2712 1300 2756 ne
1316 2696 1425 2757 domini
1439 2696 1538 2755 existi·

368 2803 456 2873 ment,
471 2797 560 2860 lilium
574 2805 605 2862 et
618 2817 746 2862 sororem
762 2801 889 2873 ipsorum
902 2799 1043 2861 illustrem
1058 2800 1201 2861 dominnm
1216 2800 1401 2861 Oethurinem
1416 2800 1538 2863 obHen-

312 2950 316 2956 .
367 2902 477 2979 neberg
491 2905 664 2965 comitissam
682 2906 713 2964 in
728 2906 946 2979 Schwmtnburg
960 2911 1015 2965 etc.
1035 2905 1164 2982 ddusm,
1190 2906 1387 2967 obmissimsm
1411 2913 1540 2968 nostram

368 3024 481 3068 socrum
496 3010 565 3069 nihil
579 3010 618 3071 ob
633 3026 731 3070 eorum
746 3011 853 3085 scripte
868 3012 948 3087 opud
961 3027 1007 3071 me
1022 3012 1173 3088 institisse,
1195 3028 1259 3088 quse
1274 3016 1379 3089 omniu,
1402 3016 1433 3073 in
1447 3030 1538 3089 quon-

368 3119 429 3174 tnm
443 3118 590 3175 maternus
605 3130 686 3181 emor
699 3117 849 3193 permittit,
865 3118 1009 3192 prestitit.

457 3219 596 3294 Suscepte
608 3221 699 3296 igitur
713 3223 899 3283 excusatione
915 3226 1017 3284 nostm
1030 3224 1239 3285 illustrissimus
1260 3226 1394 3301 princeps
1409 3225 1537 3287 Joeunes

367 3324 530 3386 liiideriees
559 3324 617 3386 dux
644 3326 778 3388 Senoniae
805 3328 913 3388 elector
934 3332 989 3387 etc.
1023 3329 1156 3404 proxime
1177 3331 1338 3404 septimana
1359 3337 1425 3405 post
1448 3332 1538 3393 domi·

368 3432 461 3491 uicem
484 3430 601 3494 tenue
624 3431 710 3505 hujus
742 3433 825 3491 1553
852 3434 919 3493 suni
940 3435 1135 3496 venerendum
1158 3435 1251 3495 virum
1277 3435 1424 3497 domiuum
1450 3438 1539 3497 doen-

367 3552 433 3597 nem
453 3536 604 3597 Breutium
622 3536 733 3598 eWilu
751 3537 832 3597 verbi
847 3537 937 3597 divim
951 3554 1112 3613 preconem
1126 3542 1158 3599 in
1177 3540 1254 3606 Hele
1276 3540 1448 3618 Suevorum,
1471 3544 1539 3603 item

367 3644 535 3717 magistrum
555 3644 700 3703 Joennem
714 3641 854 3703 Stotzium
877 3644 1108 3706 concionatorem
1130 3662 1213 3706 snum
1233 3646 1356 3706 enlicum
1370 3653 1400 3707 et
1414 3646 1540 3709 nobilem

367 3746 546 3808 Fridericum
566 3766 585 3808 o
603 3749 813 3823 Wsngenheim
831 3750 899 3811 hnic
917 3751 1070 3826 legationi,
1095 3757 1129 3812 nt
1148 3754 1207 3812 voti
1226 3756 1287 3813 tem
1310 3754 1403 3813 suncti
1423 3770 1538 3829 compos

368 3852 548 3930 redderetur,
563 3854 708 3929 piissimus
721 3856 856 3932 princeps
870 3852 1001 3931 prefecit
1015 3863 1045 3918 et
1058 3858 1210 3932 eblegusit.
