3700 5692
842 728 908 811 als

376 932 426 1007 xxj
441 932 512 993 Julii
527 928 750 1003 Crentzbergam
770 926 932 1001 linquentes
956 928 986 987 in
1001 926 1109 1004 Cappel
1131 929 1230 1003 pransi
1246 935 1275 991 et
1288 912 1394 991 ibidem
1410 933 1460 993 Jo-

289 1056 393 1100 aunem
408 1040 491 1099 nobis
507 1056 525 1097 a
539 1036 661 1112 pedibus
676 1034 852 1094 Waldeciam
866 1018 1066 1109 premisimus.

377 1144 525 1218 Propitius
541 1148 603 1202 esto
618 1156 706 1216 super
721 1139 798 1199 omni
812 1140 971 1214 commisso,
988 1156 1005 1199 o
1020 1139 1144 1199 domine.

378 1248 405 1307 A
420 1248 543 1335 prandio
558 1247 717 1306 Biscbnsen
731 1261 827 1305 arcem
841 1245 978 1304 nobilium
992 1263 1011 1305 a
1025 1246 1180 1322 Boneborg
1200 1253 1228 1307 et
1243 1234 1315 1307 alias
1330 1263 1411 1309 arces
1427 1266 1462 1309 ao

287 1370 378 1431 pagos
392 1355 601 1428 praetereuntes
617 1352 671 1411 sub
686 1353 835 1427 septimam
850 1353 940 1411 noetis
949 1352 1200 1427 spangenbergam
1214 1359 1340 1425 veterem
1356 1353 1382 1413 d.
1398 1355 1459 1413 Eli·

287 1460 419 1521 zabethae
436 1459 532 1519 sedem
546 1460 696 1533 intramus,
714 1474 778 1517 cum
793 1458 879 1531 paulo
894 1464 961 1517 ante
977 1440 1129 1517 adveutum
1144 1464 1274 1517 nostrum
1290 1458 1461 1533 liudolphus

288 1565 421 1625 Stheneli
444 1566 536 1625 locum
560 1570 661 1624 tenens
685 1568 714 1622 et
732 1563 856 1622 vicarm
880 1564 1040 1623 Bessorum
1064 1565 1201 1638 principis
1226 1563 1374 1624 Consilium
1395 1566 1462 1624 hinc

287 1672 388 1732 abiens
402 1671 536 1744 petierat.
575 1667 718 1728 Adinerat
736 1668 842 1727 ibidem
857 1670 993 1744 principis
1015 1670 1106 1731 nostri
1121 1669 1272 1743 chirurgus
1286 1671 1394 1731 Paulus
1409 1690 1460 1733 no·

286 1778 374 1852 mine,
390 1792 490 1835 verum
511 1776 536 1833 is
558 1772 630 1833 nihil
645 1774 682 1834 de
696 1778 774 1833 stata
788 1790 885 1832 rerum
900 1776 1036 1850 principis
1057 1776 1184 1835 indicare
1199 1778 1339 1852 voluerat,
1363 1778 1460 1839 dicens

286 1898 320 1940 se
331 1882 498 1956 iuramento
513 1880 550 1940 ad
565 1881 709 1940 siendum
723 1880 871 1938 astrictum
885 1894 957 1937 esse.

378 1988 525 2060 xxijdnlii
544 1988 655 2062 precati
674 2000 771 2044 sumus
797 1986 964 2059 magistrum
988 1984 1224 2060 christophorum
1245 1984 1347 2061 Greiii,
1371 1994 1404 2047 ut
1426 2006 1462 2049 ea

287 2094 344 2167 die,
359 2108 428 2151 nam
442 2092 584 2153 dominica
605 2098 681 2168 erat,
703 2092 793 2152 verbo
807 2092 914 2153 domini
929 2108 981 2150 nos
996 2105 1114 2165 pascere
1125 2091 1319 2167 dignaretur,
1342 2094 1391 2166 qui
1406 2094 1459 2153 sub

288 2199 430 2273 quamam,
447 2204 598 2271 postquam
611 2198 803 2273 illucesceret,
824 2199 862 2259 ad
875 2197 1030 2277 hospitium
1044 2202 1173 2256 nostrum
1188 2198 1279 2271 venit,
1311 2198 1415 2257 ibidem
1430 2200 1463 2257 in-

288 2300 419 2363 inferiori
432 2304 635 2379 hybernaculo,
652 2306 732 2379 prins
746 2305 878 2363 invocato
893 2302 979 2362 diuini
995 2305 1119 2361 numinis
1134 2304 1248 2378 auxilio,
1264 2304 1336 2377 legit
1350 2309 1459 2363 textum

287 2410 430 2483 evangelii
444 2408 577 2469 Mattbaei
593 2412 630 2468 7:
655 2408 761 2469 Cavete
779 2410 860 2468 vobis
880 2426 898 2469 a
917 2408 1190 2484 psendoprophetia,
1215 2409 1265 2481 qui
1288 2411 1406 2468 veniunt
1420 2410 1458 2469 ad

285 2531 340 2574 ros
353 2515 384 2572 in
399 2504 583 2573 vestimentis
591 2515 685 2573 ovium
701 2520 769 2589 eta,
794 2518 932 2573 attextus
949 2515 1159 2573 emanationem
1175 2520 1342 2588 prosecutus
1358 2520 1411 2588 est,
1429 2519 1458 2574 et

287 2636 452 2696 quanquam
474 2622 568 2692 prima
588 2624 621 2678 ut
642 2618 800 2694 apparebat
821 2618 895 2678 facie
913 2620 1027 2694 longius
1047 2625 1160 2679 atextu
1174 2619 1287 2695 digredi
1301 2619 1456 2696 videretur,

287 2732 385 2786 mmen
405 2726 449 2785 ita
468 2724 651 2784 condonatus
677 2730 734 2799 est,
757 2730 791 2784 ut
814 2742 845 2785 se
866 2731 895 2785 et
916 2726 1028 2799 prolixe
1052 2732 1082 2785 et
1105 2727 1231 2786 breviter
1253 2726 1348 2786 dicere
1373 2742 1458 2799 posse

289 2830 454 2892 ostenderet
468 2846 521 2889 neo
536 2831 650 2904 pietatis
665 2836 721 2891 aut
728 2830 889 2891 litterarum
903 2832 1022 2907 ignarus
1037 2831 1138 2892 baberi
1151 2837 1257 2907 posset.
1297 2830 1459 2893 Christiane

288 2943 319 2997 et
333 2938 419 2998 docte
430 2938 598 3011 religionem
612 2942 740 2997 nostram
754 2944 855 2997 contra
870 2955 984 3014 papam,
994 2956 1085 3013 onem
1105 2940 1274 2998 monachum
1289 2938 1415 2999 italicum
1431 2944 1460 2997 et

288 3042 397 3104 idolum
411 3048 535 3102 stantem
549 3044 580 3100 in
593 3042 657 3101 loeo
672 3043 890 3102 abominationis
905 3044 1101 3118 appellitabat
1118 3044 1279 3105 defensans.
1308 3045 1347 3104 Et
1363 3043 1399 3103 de
1414 3048 1458 3103 in-

289 3150 372 3209 terim
386 3147 436 3207 illo
450 3147 493 3207 ita
506 3148 686 3222 loquebatur,
709 3153 742 3206 nt
755 3146 827 3205 illud
840 3146 924 3206 facile
940 3150 1024 3220 quale
1040 3151 1078 3209 sit
1092 3150 1241 3210 dinoscere
1255 3152 1381 3224 doceret,
1405 3151 1456 3210 ad-

284 3256 387 3329 jiciens
402 3254 456 3314 boc
471 3256 671 3329 epiphonema:
694 3252 809 3312 Nullius
831 3268 893 3311 esse
913 3252 944 3310 in
965 3257 1110 3324 potestate
1125 3261 1265 3313 creaturae
1284 3272 1373 3313 novos
1389 3258 1458 3314 arti·

289 3362 368 3420 culos
383 3358 452 3419 fidei
465 3360 512 3419 vel
526 3359 650 3419 condere
665 3360 712 3419 vel
725 3360 857 3419 conditos
873 3360 1033 3417 immutare.
1071 3358 1147 3416 Nam
1163 3358 1293 3417 Christum
1314 3360 1459 3433 apostolos

288 3469 366 3541 ipsos
382 3466 474 3525 voluit
487 3472 575 3525 testes
590 3471 620 3525 et
634 3464 765 3525 doctores
787 3482 886 3525 eornm
905 3482 983 3540 esse,
1000 3480 1063 3539 quae
1080 3464 1116 3523 ab
1136 3465 1199 3539 ipso
1215 3464 1329 3523 domino
1344 3462 1459 3523 audive

288 3576 394 3633 verant
414 3576 445 3630 et
467 3574 528 3645 ipse
551 3588 600 3631 eos
623 3572 772 3646 docuerat,
794 3589 851 3631 non
866 3588 1005 3633 novarum
1018 3574 1113 3647 legum
1129 3571 1299 3633 conditores.
1338 3571 1460 3646 Insuper

287 3671 378 3753 digito
393 3679 575 3750 monstravit,
598 3680 647 3750 qni
660 3678 692 3736 hi
707 3684 802 3737 essent
815 3680 876 3754 lupi
889 3694 1024 3753 rapaces,
1046 3694 1109 3751 quae
1124 3678 1206 3737 bonae
1227 3678 1346 3736 arbores
1361 3692 1395 3735 ao
1410 3679 1459 3749 qni

286 3785 428 3843 malarum
448 3782 567 3842 bamus.
605 3784 678 3842 Item
697 3782 776 3857 qnod
797 3784 858 3843 sola
873 3781 932 3841 fide
950 3784 981 3842 in
996 3780 1139 3841 Christum
1163 3781 1346 3841 salvaremur.
1385 3781 1457 3839 Item

288 3876 375 3964 quam
390 3891 506 3949 sinistre
529 3890 650 3963 papistae
670 3889 818 3948 infernalis
841 3890 973 3949 draconis
985 3886 1114 3961 'squamae
1128 3884 1213 3944 fidem
1227 3885 1303 3943 hanc
1316 3887 1456 3959 interpre-

287 4000 429 4055 tarentur.
468 3994 600 4067 Denique
620 3994 680 4053 sive
703 4001 802 4069 antea,
827 3994 887 4052 sive
906 3998 1021 4068 postea,
1048 3992 1108 4052 sive
1133 3991 1247 4049 interim
1267 3990 1336 4063 quid
1360 3994 1458 4049 tonna

287 4103 459 4175 scripturam
479 4107 509 4160 et
527 4116 625 4158 veram
645 4099 814 4172 religionem
828 4098 963 4157 Satbanae
985 4100 1108 4159 venatici
1122 4112 1208 4157 canes
1222 4097 1391 4157 molirentur
1406 4113 1457 4157 uos

285 4209 366 4282 ipsos
380 4204 437 4266 fide
451 4211 482 4264 et
503 4206 597 4280 gratia
612 4204 718 4264 Christi
743 4202 927 4263 obfirmantes
949 4206 1094 4279 patienter
1112 4204 1208 4262 omnia
1223 4202 1330 4261 Christi
1343 4203 1457 4261 nomine

287 4311 466 4388 perferemus
488 4310 560 4369 certi
580 4325 632 4369 nos
652 4310 738 4369 etiam
753 4310 848 4369 denuo
863 4311 951 4370 ethis
965 4312 1047 4371 victis
1061 4310 1139 4385 apud
1154 4308 1297 4367 Christum
1314 4308 1457 4366 dominum

287 4423 420 4477 nostrum
440 4416 662 4489 triumphatores
683 4416 820 4489 existere,
843 4417 929 4475 modo
948 4418 978 4475 in
993 4419 1054 4491 ejus
1070 4413 1248 4475 confessione
1263 4413 1456 4488 persistemus.

287 4522 373 4598 Quod
387 4522 470 4582 nobis
486 4524 516 4579 et
529 4521 630 4596 largiri
644 4526 673 4580 et
686 4536 740 4579 nos
754 4536 925 4581 conservare
940 4522 1073 4597 dignetur
1088 4519 1218 4583 Christus
1231 4518 1251 4577 J
1253 4535 1326 4578 esus.
1355 4518 1456 4577 Amen.

377 4628 510 4687 Eundem
530 4627 696 4685 donavimus
717 4626 824 4701 scripto
838 4627 964 4702 Philippi
979 4624 1183 4699 Melanthonis‚
1206 4624 1275 4699 qnid
1289 4624 1331 4683 illi
1344 4624 1456 4684 videre-

284 4740 336 4793 tur
351 4731 388 4791 de
402 4732 585 4794 interimente
598 4732 728 4806 interim,
745 4736 775 4792 et
788 4735 940 4808 pecuniam
955 4733 993 4792 ad
1010 4729 1239 4807 locupletandam
1254 4729 1457 4804 supellectilem

284 4838 425 4899 librorum
439 4837 577 4911 impertiti
591 4851 697 4898 sumna.
