3700 5692
841 712 903 777 145

372 889 484 956 Mem
498 892 603 951 Florus
617 908 717 951 rursus
732 892 881 965 aprandlo
891 892 1111 952 attrebatensem
1127 892 1271 953 convenit.
1298 892 1356 952 Sed
1368 888 1459 951 surdo

281 993 383 1057 fabula
403 1000 569 1070 canebatur.
602 995 795 1070 ¹Pinsingcrus
817 998 932 1071 quidem
953 998 1027 1057 bene
1041 997 1171 1070 volebat,
1188 1014 1288 1056 verum
1304 998 1415 1058 occasio
1431 1000 1461 1055 et

282 1103 383 1161 nescio
400 1084 466 1176 quis
481 1106 573 1163 malus
586 1104 687 1178 genius
700 1104 745 1161 illi
759 1102 880 1164 obstitit.
994 1139 997 1147 ‹
1347 1110 1349 1115 '

373 1207 662 1281 blanchinianum,
687 1207 831 1283 Joschimi
853 1209 984 1269 electoris
1006 1208 1110 1281 frater,
1137 1210 1185 1281 qui
1199 1207 1346 1297 Francisci
1361 1206 1458 1265 Lune-

282 1310 438 1386 burgeusis
458 1313 539 1387 ducis
560 1312 698 1386 ditiones,
717 1329 789 1386 quas
811 1328 902 1372 caesar
924 1314 1087 1374 rebellionis
1113 1330 1182 1388 ergo
1206 1314 1295 1391 adse
1314 1312 1459 1392 pertinere

282 1422 377 1491 putat,
394 1417 451 1485 sibi
465 1433 647 1492 comparasse
662 1418 776 1489 dicitur,
792 1416 944 1475 admodum
959 1419 1061 1492 exiguo
1078 1419 1212 1478 satellitio
1222 1417 1288 1477 binc
1302 1417 1399 1477 multis
1414 1417 1460 1515 iu-

285 1524 422 1589 salutatis
437 1523 543 1582 abiisse
558 1522 685 1596 dicitur..
1414 1580 1416 1585 .

297 1683 301 1688 .
373 1626 413 1699 vij
429 1627 510 1685 Junii
525 1625 554 1684 d.
569 1627 697 1686 loannes
712 1627 854 1685 Hemicus
873 1627 905 1685 in
923 1628 986 1687 sede
1006 1627 1137 1690 Mauritii
1157 1634 1242 1704 caput
1268 1633 1309 1689 14
1331 1626 1460 1703 epistolae

283 1731 320 1789 ad
329 1727 477 1791 Romanum
493 1730 649 1805 explanare
663 1732 760 1805 coepit,
775 1730 874 1804 legens
888 1733 951 1791 baec
965 1733 1065 1793 verba:
1091 1734 1203 1794 »Porro
1220 1751 1293 1808 eum,
1311 1734 1361 1807 qui
1377 1731 1457 1812 iniit·

284 1841 397 1909 matur,
418 1834 476 1895 fide
492 1837 627 1895 assumite
648 1852 707 1893 nou
722 1835 761 1894 ad
776 1835 994 1910 dijudicationes
1011 1839 1258 1913 disceptationum.
1297 1838 1381 1897 Alius
1396 1838 1459 1913 qui·

283 1942 348 2000 dem
362 1941 456 2001 credit
476 1942 648 2001 vescendum
667 1956 729 2000 csse
749 1941 939 2015 quibuslibet,
964 1942 1036 2000 alius
1057 1948 1166 2016 autem,
1189 1945 1239 2015 qui
1259 1942 1389 2002 infirmus
1405 1946 1458 2017 est,

283 2046 431 2105 holeribus
446 2041 580 2104 vescitur.
610 2046 664 2118 Qui
678 2047 803 2119 vescitur
817 2062 876 2105 non
889 2051 1049 2105 vescentem
1065 2064 1101 2107 ue
1117 2048 1269 2122 despiciat,
1292 2052 1321 2106 et
1336 2047 1385 2120 qui
1400 2061 1460 2106 non

283 2151 426 2225 vescitur,
449 2156 611 2209 vescentem
625 2166 662 2209 uc
675 2150 794 2223 judicet.
833 2150 911 2209 Deus
928 2152 1003 2209 enim
1017 2152 1097 2209 illum
1121 2152 1294 2225 assumpsit«
1311 2154 1382 2227 etc„
1404 2148 1460 2207 Hic

283 2253 411 2315 ostendit
433 2255 507 2313 banc
530 2255 679 2330 epistolam
700 2254 728 2314 d.
744 2255 867 2313 Paulum
888 2256 927 2315 ad
942 2257 1099 2331 Romanos,
1123 2257 1176 2315 boc
1193 2261 1236 2313 est
1247 2256 1461 2335 ‚Romanensem

287 2360 440 2418 ecclesiam
455 2360 613 2433 scripsisse,
629 2365 659 2419 ct
673 2362 741 2434 quia
750 2361 817 2432 ,haec
832 2378 869 2419 cx
883 2361 1015 2433 gentibus
1032 2365 1061 2425 et
1070 2359 1185 2435 Judaeis,
1194 2365 1370 2433 congregata
1385 2363 1458 2441 erat,

284 2469 386 2538 gentes
402 2464 568 2539 evangelica
582 2466 716 2525 libertate
731 2470 843 2525 utentes
859 2466 1032 2539 quibuslibet
1047 2466 1116 2524 cibis
1126 2466 1325 2540 vescebantur,
1342 2465 1390 2538 qui
1405 2480 1456 2553 au·

287 2576 346 2628 tem
361 2586 399 2639 ex
413 2570 562 2640 ludaismo
578 2575 675 2644 erant,
692 2570 874 2643 judaicarum
894 2571 1122 2630 caerimoniarum
1143 2571 1250 2630 assueti
1265 2570 1367 2644 abiis,
1393 2584 1463 2643 quse,

283 2677 315 2732 iu
329 2675 396 2748 lege
410 2674 556 2747 prohibita
570 2682 669 2749 erant,
691 2675 874 2734 abstinebant
888 2692 943 2735 uec
963 2682 1021 2734 tam
1043 2676 1119 2733 illico
1139 2676 1267 2751 libertati
1287 2674 1459 2748 evangelicae

284 2779 467 2838 subscribere
482 2784 647 2853 potuerunt.
687 2779 760 2838 Orta
780 2782 868 2853 igitur
887 2781 965 2837 inter
984 2778 1036 2838 hos
1053 2780 1124 2838 duos
1139 2781 1261 2855 populos
1276 2780 1460 2858 contentione

285 2890 316 2943 et
329 2885 425 2943 altero
439 2883 528 2942 alium
543 2890 741 2944 contemnente
756 2886 803 2959 nei
816 2902 849 2958 se
858 2888 956 2961 ‚ipsum
971 2886 1034 2943 aliis
1049 2882 1231 2959 praelerentc,
1248 2882 1275 2942 d.
1286 2884 1393 2943 Paulus
1409 2900 1456 2963 eo-

284 2993 368 3047 actus
383 2993 429 3046 est
443 2989 588 3061 singulare
603 2995 689 3063 caput
703 2991 733 3048 in
747 2990 802 3048 bac
817 2990 941 3064 epistola
955 2989 991 3048 de
1005 2990 1083 3049 hisce
1099 2991 1185 3050 rebus
1200 2990 1389 3063 conscribere,
1406 2989 1458 3049 do·

284 3110 355 3151 cens
370 3094 514 3166 quomodo
534 3098 656 3167 utraque
676 3110 747 3167 gens
768 3109 800 3151 se
814 3096 844 3151 in
863 3094 917 3151 boc
932 3098 1048 3171 gereret
1061 3110 1095 3152 ac
1115 3111 1146 3153 se
1160 3097 1255 3168 ipsum
1268 3094 1379 3175 Paulus
1393 3110 1460 3157 eou-

285 3200 446 3258 ciliatorcm
462 3214 496 3257 ac
511 3197 655 3257 doctorem
670 3199 701 3255 iu
715 3198 810 3257 medio
824 3198 1010 3270 interposuit,
1033 3198 1137 3256 docens
1163 3214 1278 3271 quoqne
1297 3216 1354 3273 quo
1374 3204 1461 3273 pacto

284 3301 418 3361 infirmus
440 3303 470 3359 in
494 3299 550 3360 fide
571 3302 775 3361 sustentandus
799 3303 837 3361 sit
851 3306 905 3360 etc.
945 3298 1027 3373 Quod
1048 3307 1145 3359 autem
1167 3302 1262 3362 omnia
1282 3302 1389 3379 munda
1403 3304 1462 3379 sint

284 3406 411 3480 mundis,
427 3394 606 3465 ecclesiastes
621 3406 761 3466 cxvcrbis
770 3406 888 3481 Christi:
907 3406 994 3463 »Nou
1008 3404 1085 3477 quod
1099 3405 1188 3464 intrat
1203 3406 1233 3463 iu
1243 3420 1279 3485 os
1295 3406 1461 3491 coinquinat

284 3513 452 3571 homiuem«
465 3518 519 3570 etc.
529 3512 670 3585 probavit.
690 3510 844 3570 Adducens
856 3512 950 3569 inboc
959 3512 1052 3585 ipsum
1061 3515 1090 3569 ct
1099 3511 1171 3570 alios
1187 3512 1295 3585 aliquot
1304 3514 1460 3591 scriptura-

285 3616 447 3675 rumlocos.
470 3617 516 3675 Ita
528 3620 624 3675 umen
634 3615 669 3673 de
680 3616 869 3689 suscipiendis
880 3615 1000 3691 infirmis
1010 3613 1116 3693 docuit,
1133 3632 1169 3694 ne
1184 3614 1315 3675 refractis
1328 3619 1357 3674 et
1371 3617 1459 3677 obsti·

286 3722 364 3779 uatis
379 3720 547 3795 petulantia
561 3720 640 3777 locus
655 3724 777 3793 pateret.
801 3721 874 3779 Item
890 3721 1068 3799 conducibile
1083 3721 1176 3781 videri
1192 3724 1299 3796 aiebat,
1317 3728 1347 3781 ct
1360 3726 1460 3791 nostro

286 3825 343 3884 boc
357 3841 422 3884 avo
436 3824 559 3883 Paulum
574 3825 699 3897 aliquem
715 3842 864 3902 exurgere,
881 3825 931 3898 qui
951 3827 1175 3904 controversiam
1189 3827 1337 3901 religionis
1353 3804 1388 3887 ea
1403 3843 1462 3907 qua

286 3929 404 4002 Paulus⁴
418 3928 561 4001 probitate
585 3935 777 4002 componeret.
815 3929 895 3987 Deus
916 3932 1039 4004 optimus
1058 3933 1215 4007 maximus,
1241 3939 1274 3992 ut
1288 3933 1416 4020 quotidie
1430 3934 1462 3993 in

286 4032 343 4091 fide
360 4033 532 4105 etpuritate
555 4031 622 4091 fidei
636 4033 812 4092 robustiores
831 4031 900 4093 iacti
920 4033 1047 4113 infirmos
1068 4053 1181 4115 quoque
1195 4038 1392 4117 suscipiamus,
1407 4036 1459 4124 dc·

286 4142 347 4209 net,
364 4151 399 4195 ac
422 4142 456 4196 ut
469 4137 541 4194 nulli
556 4136 677 4195 alienius
699 4137 827 4215 scandali
841 4155 918 4215 nausa
938 4140 988 4199 sed
1011 4142 1171 4220 exemplum
1191 4143 1221 4217 in
1244 4141 1460 4201 aedificationem

286 4243 386 4310 simus.
424 4239 517 4315 quue
536 4256 590 4315 per
608 4243 708 4312 lesum
728 4242 873 4318 Christum
889 4245 1034 4323 dominum
1049 4252 1191 4321 nostrum,
1217 4247 1265 4319 qui
1281 4222 1344 4321 cum
1359 4244 1460 4329 eodem

286 4352 373 4419 patre
388 4350 418 4405 ct
432 4352 534 4405 sancto
548 4348 652 4421 spiritu
666 4349 832 4409 benedictus
841 4351 877 4424 *in
892 4351 996 4409 secula.
1413 4420 1415 4425 ¹

376 4436 506 4523 loannes
519 4435 647 4512 marchio
662 4470 716 4513 uec
730 4459 929 4531 tegumentum
938 4453 1018 4533 illud,
1035 4454 1112 4527 quod
1127 4452 1213 4525 vulgo
1228 4450 1331 4509 coelum
1346 4458 1459 4533 vocant,

287 4560 317 4616 in
339 4558 387 4617 die
407 4558 540 4631 corporis
560 4556 666 4617 Christi
691 4564 823 4632 gestare,
851 4575 904 4619 nec
922 4559 1045 4635 interim
1073 4558 1115 4617 illi
1135 4554 1315 4637 subscribere
1335 4557 1461 4643 voluisse

287 4664 402 4723 dicitur.
480 4727 483 4734 ‚
849 4728 852 4734 ⁴
980 4734 984 4740 Ι
1168 4732 1171 4739 ,
1401 4650 1404 4659 ’

356 4836 360 4842 p
376 4770 434 4841 Da,
452 4765 573 4841 domine,
589 4768 666 4856 qnod
680 4766 721 4842 fit,
738 4774 770 4827 ut
781 4770 866 4841 juxta
880 4768 1055 4839 voluntatem
1075 4770 1154 4827 tuam
1168 4762 1230 4823 fiat.

332 4893 451 4937 Waldeck·
1207 4873 1246 4927 10
