3700 5692
440 686 483 747 32
941 675 1091 733 SATYRA.

526 843 559 904 et
580 835 676 903 flores
699 840 820 918 carpat,
842 855 922 921 quos
947 836 1068 918 Tempe
1092 836 1259 905 Heliconia
1281 839 1427 921 gignunt,

525 962 600 1009 rara
618 942 713 1007 nimis
735 943 830 1008 turba
852 949 911 1007 est.
957 942 1072 1008 Plures
1095 944 1275 1025 penetralia
1298 946 1388 1028 rupis

464 1067 513 1121 105
526 1049 714 1131 Gorgoneae
738 1053 771 1113 et
792 1048 875 1114 sacri
897 1047 1073 1113 subiissent
1094 1048 1208 1114 intima
1230 1050 1327 1131 collis,

523 1154 644 1220 indocti
667 1153 728 1218 nisi
752 1135 866 1218 dextra
888 1153 987 1232 ducis,
1012 1153 1090 1217 raeti
1111 1154 1213 1220 inscia
1234 1154 1324 1221 callis

525 1265 558 1326 et
580 1278 653 1326 sese
672 1275 786 1338 regere
808 1257 921 1339 ignari,
946 1257 1123 1338 puerilibus
1147 1260 1241 1323 annis

523 1367 686 1433 incautam
707 1382 814 1429 secum
838 1368 971 1444 raperet
991 1381 1050 1444 per
1073 1364 1167 1430 devia
1188 1366 1316 1446 pubem.

566 1471 635 1537 Nec
657 1475 764 1534 tamen
788 1468 863 1533 hinc
885 1469 1001 1534 animis
1024 1470 1191 1553 antiquum
1214 1472 1330 1554 dogma
1353 1470 1514 1552 regendis,

460 1597 510 1649 110
522 1578 606 1661 quod
629 1582 763 1642 tenuere
785 1578 906 1657 patres,
929 1575 1059 1655 penitus
1083 1575 1248 1641 discedere
1268 1576 1392 1641 iussum
1416 1581 1475 1654 est,

524 1702 583 1749 nec
605 1680 774 1761 disciplina
796 1679 907 1745 exsilio
933 1685 983 1744 est
1006 1680 1173 1746 damnata:
1197 1686 1372 1762 supersunt

523 1788 661 1872 pristina
683 1785 879 1866 Eleutheris,
903 1790 936 1849 et
958 1786 1066 1851 multis
1089 1786 1242 1851 imitabile
1266 1786 1350 1852 ludis

525 1892 713 1975 Cecropium
737 1910 797 1957 sua
818 1896 978 1958 monstrat
1001 1892 1105 1959 adbuc
1127 1893 1299 1958 simulacra
1321 1893 1455 1978 lyaeum.

567 2001 611 2065 At
632 2002 773 2082 quantae
796 2015 914 2078 pueros
936 2002 1054 2078 pestes
1078 2017 1159 2081 quae
1181 1999 1300 2081 probra
1322 1999 1488 2066 inventam

461 2125 510 2177 ris
524 2104 690 2173 exercenti
734 2104 820 2184 Quot
840 2122 911 2170 sese
935 2104 1112 2170 ostendunt
1134 2109 1278 2170 monstra
1301 2104 1492 2185 scholarum,

522 2212 614 2296 queis
636 2208 715 2275 ordo
739 2209 842 2274 omnis
863 2209 967 2289 abest,
989 2208 1046 2274 ubi
1068 2227 1120 2275 res
1146 2210 1283 2275 clamore
1308 2208 1433 2291 potenti

523 2321 648 2382 tantum
671 2313 792 2393 agiturl
838 2314 930 2401 Sales
953 2315 1134 2397 petulantia
1156 2333 1252 2381 coeca
1274 2332 1407 2381 serenos

523 2426 667 2503 oepupat,
689 2420 837 2485 inducias
859 2420 960 2499 libris,
985 2420 1073 2485 nulle
1095 2421 1161 2486 otia
1182 2421 1340 2502 praebent

525 2527 698 2610 nequitiae.
743 2526 777 2592 Si
799 2532 874 2591 trux
896 2525 1004 2608 aquilo
1028 2530 1085 2591 aut
1108 2511 1271 2591 nimbosus
1296 2524 1396 2591 Orion

460 2650 511 2702 120
521 2632 601 2698 hora
623 2636 698 2713 post
717 2632 824 2713 pultes
848 2635 882 2696 et
903 2631 1099 2697 salsamenta
1121 2630 1263 2697 secunda

523 2737 659 2803 traxerit
681 2737 714 2802 in
737 2737 882 2817 classem,
905 2736 1021 2802 oblitos
1044 2735 1120 2820 quid
1143 2735 1237 2801 lectio
1260 2738 1381 2816 poscat,

525 2847 558 2909 et
580 2842 679 2927 Styga
700 2842 855 2922 iurantes,
877 2841 1066 2923 permistum
1090 2859 1252 2907 murmure
1274 2839 1449 2922 planctum,

524 2954 623 3032 atque
643 2946 847 3014 indistinctos
869 2945 1004 3013 confusa
1027 2966 1104 3013 voce
1128 2964 1277 3013 susurros

523 3054 691 3138 perculsae
713 3054 847 3134 capiunt
868 3070 979 3119 aures:
1003 3052 1152 3119 examina
1172 3052 1284 3118 credas

460 3177 511 3230 125
523 3160 712 3226 crabronum
737 3163 794 3223 aut
814 3176 930 3240 vespas
955 3158 996 3223 ad
1019 3158 1138 3240 pabula
1159 3155 1256 3224 foeda
1279 3160 1428 3234 ruentem

523 3264 630 3330 mitior
651 3264 685 3328 in
706 3282 821 3345 magno
844 3262 999 3343 strepitus
1021 3260 1100 3328 furit
1123 3260 1368 3343 amphitheatro,

524 3368 647 3437 cursori
669 3367 859 3445 cum'turba
880 3364 978 3433 favet.
1023 3366 1085 3445 Qui
1108 3372 1241 3448 gutture
1263 3367 1362 3434 vincit

524 3475 684 3554 Stentora,
707 3472 862 3549 vimineos
886 3472 999 3538 maiori
1020 3472 1136 3539 robore
1158 3469 1264 3539 fasces

524 3580 579 3665 qui
601 3581 729 3647 vibrare
749 3583 859 3660 potest
880 3584 1039 3661 tantoque
1060 3584 1174 3644 tonare
1197 3578 1347 3657 tumultu,

458 3704 510 3756 130
520 3691 640 3770 quanta
662 3683 825 3766 percussis
846 3683 1018 3749 incudibus
1039 3700 1116 3749 aera
1138 3683 1309 3762 resultant,

523 3810 594 3857 cum
616 3789 734 3870 pelvim
756 3788 850 3869 fingit
872 3787 986 3855 furvus
1009 3786 1110 3869 faber,
1133 3787 1189 3855 ille
1210 3789 1366 3855 brabeum

523 3893 710 3976 promeruit.
754 3892 837 3957 Nam
860 3894 937 3977 quid
959 3893 1080 3973 didicit,
1105 3893 1165 3958 nisi
1188 3893 1324 3958 tendere
1347 3890 1481 3974 virgam,

524 4016 628 4079 nuper
651 4004 684 4063 et
706 4004 856 4079 acceptas
879 4018 951 4064 eum
974 3996 1107 4065 foenore
1130 3998 1266 4064 reddere
1288 3998 1409 4079 plagas,

523 4097 675 4181 Orbilius,
700 4102 802 4167 barba
824 4100 970 4169 referens
993 4110 1026 4169 et
1049 4122 1125 4169 voce
1148 4102 1327 4186 capellam?

459 4227 509 4281 135
521 4209 645 4290 Nempe
666 4207 779 4273 harum
801 4207 865 4275 huc
888 4206 1013 4274 lerulae
1034 4208 1185 4289 tendunt,
1210 4214 1246 4275 ut
1269 4207 1404 4274 verbere
1428 4205 1525 4273 multo

520 4313 686 4398 perfossas
709 4314 856 4394 ingressa
878 4321 973 4380 nates
996 4314 1172 4395 Sapientia,
1199 4313 1335 4380 stultum

521 4421 563 4486 ad
587 4421 753 4486 cerebrum
777 4438 875 4484 curva
897 4437 957 4500 per
980 4418 1082 4485 colum
1107 4420 1243 4499 ambage
1266 4416 1401 4496 feratur,

462 4510 469 4518 ’
523 4525 610 4591 unde
633 4524 741 4591 ferant
762 4526 912 4606 pretium,
936 4522 1114 4604 fulgentem
1138 4524 1237 4590 divite
1261 4538 1359 4588 censu

521 4637 720 4710 suggestum,
743 4637 777 4696 et
800 4629 930 4695 decimis
953 4635 1088 4694 onerata
1110 4628 1237 4707 altaria,
1261 4627 1366 4693 dotem

458 4752 508 4804 140
520 4734 666 4816 ancillae,
690 4736 783 4801 cuius
805 4734 947 4801 thalamo
970 4732 1176 4817 parapherna
1197 4738 1354 4815 parantur
