3700 5692
881 687 925 755 27

313 878 429 950 putrem
442 879 472 933 ιι
484 872 581 947 ipsum
594 874 746 930 venturum
759 871 799 932 ad
812 875 1043 932 conservatorem
1060 872 1141 932 uerbi
1156 874 1218 948 ejus
1232 879 1262 933 et
1277 887 1342 932 eum
1355 879 1484 948 receptu·

312 986 420 1040 turum
459 977 495 1036 id
505 975 571 1037 fieri
583 976 737 1050 posthanc
751 979 841 1037 vitam
854 986 909 1038 etc.
940 979 980 1038 Et
993 980 1083 1040 multa
1098 979 1236 1054 ejusmodi
1249 980 1391 1053 praeclare
1405 979 1486 1039 addi-

314 1084 366 1158 dit,
381 1084 438 1143 hac
451 1083 588 1143 coronide
602 1097 763 1142 sermonem
775 1083 919 1159 claudens,
936 1101 1106 1145 navaremus
1118 1099 1244 1158 operam,
1260 1089 1293 1143 ut
1303 1085 1422 1144 verbum
1430 1085 1486 1147 Dei

314 1206 388 1263 puro
408 1188 496 1250 eorde
516 1187 695 1261 audiremus,
718 1189 909 1262 reciperemus
923 1195 955 1250 et
968 1191 1162 1265 crederemus,
1183 1206 1240 1264 quo
1255 1191 1362 1262 templa
1377 1191 1441 1248 viva
1456 1195 1486 1250 et

316 1295 481 1354 mansiones
494 1293 551 1352 Dei
565 1291 744 1353 efficeremur
758 1299 789 1352 et
803 1311 821 1352 a
835 1294 899 1356 Deo
913 1312 1124 1356 assumeremus
1138 1303 1192 1356 etc.
1215 1298 1255 1355 Et
1269 1296 1408 1368 completo
1423 1312 1484 1355 ser-

314 1416 400 1461 mone
414 1399 537 1473 populus
557 1400 654 1472 jussus
673 1398 737 1458 Deo
758 1398 858 1460 laudes
878 1405 997 1460 cantare
1012 1405 1042 1459 et
1056 1399 1159 1460 deinde
1173 1402 1294 1460 ecclesia
1317 1417 1381 1459 cum
1400 1401 1485 1462 bene·

315 1505 441 1565 medone
455 1505 630 1565 ecclesiaste
644 1505 730 1579 hujus
744 1504 861 1564 dimhsa
874 1511 927 1564 est.

404 1609 430 1668 A
444 1609 566 1683 prandio
581 1609 782 1686 Wendelinus,
802 1611 907 1671 Florus
923 1618 954 1673 ιι
967 1613 1108 1674 Melchior
1123 1614 1192 1687 quid
1205 1613 1351 1672 archiduci
1366 1611 1485 1672 offeren·
1591 1668 1599 1674 .

313 1716 382 1793 dum
397 1716 437 1775 sit
449 1715 556 1775 chartis
570 1714 720 1792 mandam,
738 1719 765 1775 si
779 1719 829 1791 qui
842 1717 1016 1778 commodius
1030 1721 1124 1792 ipsum
1138 1719 1247 1792 ulloqui
1260 1735 1417 1793 possemus.

403 1821 515 1881 Eodem
528 1823 608 1880 veuit
620 1825 792 1882 secretarius
811 1830 998 1898 cognatorum
1016 1829 1179 1884 nostrornm
1195 1825 1329 1884 comitum
1349 1823 1385 1883 de
1398 1825 1484 1900 Heia,

315 1943 374 2001 quo
388 1927 420 1986 in
434 1931 573 1986 staturos
587 1928 766 1987 dominorum
781 1944 898 1988 suorum
912 1935 1021 2004 esseut,
1037 1945 1181 2003 exponens
1197 1934 1227 1987 et
1241 1944 1259 1988 a
1273 1929 1355 1988 nobis
1370 1929 1408 1989 ad
1422 1930 1485 1990 Μο-

314 2034 523 2092 nasterieusem
536 2033 689 2106 praesulem
702 2035 803 2094 literas
823 2037 916 2109 petiit,
940 2035 1008 2094 item
1023 2037 1056 2092 ut
1069 2049 1122 2107 per
1137 2039 1251 2092 nostros
1266 2050 1318 2106 per
1331 2034 1485 2094 latissimos

314 2153 432 2213 campos
447 2136 610 2199 Sendtieldt
627 2138 730 2199 deduci
750 2144 860 2214 posset,
883 2140 964 2213 ajens
987 2153 1100 2212 quoque
1122 2154 1174 2199 nos
1193 2153 1293 2197 rursus
1313 2140 1343 2196 in
1362 2124 1484 2198 tutorem

314 2242 491 2317 pupillorum
505 2243 543 2303 de
555 2243 633 2303 Hoia
646 2245 794 2318 postulari.

404 2350 484 2408 Nota
505 2348 576 2408 duos
595 2346 702 2410 hahes
723 2364 874 2423 germanos
893 2351 1056 2425 Philippum
1080 2357 1110 2408 et
1129 2347 1365 2421 christophorum
1384 2347 1485 2407 Seldos

313 2455 377 2515 LL.
394 2454 527 2516 doctores
539 2453 678 2530 Augustae
698 2455 822 2515 civitatis
839 2457 971 2516 alumnos
990 2457 1028 2517 ob
1046 2459 1202 2531 spectatam
1223 2455 1253 2512 iu
1266 2453 1363 2527 pueris
1378 2453 1486 2526 ingenii

313 2561 538 2636 prosperitatem
551 2561 751 2636 Fupgerorum
770 2561 913 2636 stipendio
932 2563 971 2622 ad
988 2563 1040 2622 has
1059 2561 1211 2636 dignitates
1226 2564 1390 2634 provectos,
1414 2574 1484 2630 quo-

313 2683 381 2726 rum
393 2666 442 2725 hic
455 2666 718 2727 deecanoellnrium
734 2668 850 2726 casaris
864 2669 935 2742 agit,
951 2667 1025 2728 alter
1040 2666 1106 2726 urbi
1121 2684 1139 2726 a
1153 2665 1278 2726 consiliis
1293 2669 1345 2723 est.

404 2772 510 2831 Petrus
526 2772 729 2847 Obornburger
747 2773 779 2831 in
797 2773 972 2832 cancellaria
991 2774 1036 2852 (ut
1056 2771 1171 2847 vocant)
1194 2771 1309 2830 casaris
1328 2775 1394 2843 post
1413 2770 1486 2829 vice·
1569 2806 1572 2814 ·

314 2878 520 2938 cancellarium
533 2879 612 2938 inter
626 2877 785 2938 Germanos
799 2880 907 2952 primas
920 2884 1010 2939 tenet.

404 2981 555 3043 Gonmdus
575 2983 691 3057 quidam
704 2984 813 3044 Hessus
833 2988 864 3042 ιι
878 2983 1019 3058 Georgius
1039 2983 1075 3044 de
1089 2983 1157 3043 Hali
1173 2981 1307 3042 comitum
1329 2982 1365 3040 ab
1380 2980 1485 3040 Aldeu·

314 3091 390 3164 burg
403 3089 578 3151 internuncii
596 3093 671 3147 sunt.
708 3088 879 3148 lbanmscus
897 3090 999 3149 allall
1013 3090 1151 3150 haetenus
1169 3087 1217 3146 bic
1230 3088 1310 3146 litem
1332 3086 1486 3147 contestari

313 3194 416 3254 uoluit.

403 3296 515 3357 Eadem
528 3298 720 3358 intraboram
734 3303 764 3359 et
779 3299 875 3372 sesqui
895 3313 1007 3358 omnem
1027 3299 1126 3359 urbem
1140 3299 1298 3372 Augustam
1316 3311 1380 3354 cum
1395 3292 1484 3354 fossa-

314 3407 370 3480 tis,
393 3403 477 3464 vallis
496 3409 527 3463 et
544 3404 748 3464 munitionibus
770 3406 922 3465 circumivi.
970 3403 1047 3476 Quid
1065 3410 1160 3464 autem
1179 3403 1334 3462 viderimus
1352 3401 1485 3460 historio·

313 3509 425 3584 grapho
439 3509 526 3569 etiam
540 3525 599 3568 uon
612 3507 728 3570 indocto
742 3526 795 3569 nee
809 3510 925 3570 vecordi
939 3509 970 3568 id
981 3509 1142 3570 describere
1154 3510 1224 3568 satis
1239 3505 1345 3582 negotii
1360 3502 1486 3563 futurum

313 3616 453 3676 arbitror.

403 3720 515 3780 Eadem
527 3718 678 3793 Philippus
692 3725 723 3779 ιι
735 3720 864 3780 loannes
877 3719 984 3781 batres
1002 3721 1094 3780 nostri
1108 3719 1186 3794 apud
1199 3719 1218 3779 J
1219 3733 1341 3778 oaunem
1355 3717 1486 3777 comitem

315 3827 353 3888 de
366 3826 496 3901 Retberp
510 3831 670 3900 coenarum,
686 3826 802 3886 Samuel
815 3842 886 3886 uero
900 3840 990 3901 nepos
1005 3826 1084 3900 apud
1098 3827 1314 3886 Treverensem.
1404 3881 1406 3885 .

403 3931 517 3991 Eadem
528 3932 561 3989 in
574 3931 672 4004 platea
684 3930 770 3990 homo
786 3931 881 3991 Turca
897 3931 982 3990 nobis
1002 3930 1115 3992 obviam
1134 3929 1181 4004 fit,
1205 3928 1487 3989 oollo‘circumdatus

315 4044 420 4112 torque
433 4035 530 4097 ferreo
544 4037 700 4111 insignum
714 4043 861 4110 perpetuae
876 4037 1059 4111 captivitatis.

403 4141 574 4201 Audivimus
595 4141 649 4201 sub
671 4157 782 4201 coeuam
801 4142 891 4201 Italos
911 4141 1045 4201 tibicines
1067 4147 1097 4201 et
1117 4139 1263 4217 fidicines,
1288 4144 1336 4216 qui
1357 4142 1402 4200 vel
1424 4157 1487 4200 eum

315 4247 450 4323 Apolline
464 4244 569 4305 fistulis
582 4251 695 4306 certare
709 4247 878 4320 potuissent.
900 4267 904 4271 ’

403 4351 518 4412 Eadem
531 4352 585 4412 sub
603 4367 709 4412 nonam
728 4353 827 4411 noctis
842 4352 957 4428 eclipsis
971 4353 1047 4414 lunae
1067 4355 1128 4414 visa
1143 4358 1195 4412 est.
1234 4353 1289 4424 Qui
1304 4352 1386 4410 nobis
1406 4352 1488 4424 sigua

317 4457 458 4534 dusmodi
472 4455 601 4532 exbibet,
617 4459 772 4518 clementer
786 4464 889 4517 cuncta
902 4459 980 4517 mala
995 4461 1116 4517 auertat.
1139 4456 1241 4515 Amen.

404 4563 625 4638 DomiueDeus,
642 4563 680 4623 da
694 4562 823 4622 auditum
837 4563 918 4623 verbi
931 4565 975 4625 tul
987 4569 1017 4623 et
1030 4563 1100 4622 illud
1114 4561 1201 4620 corde
1216 4575 1394 4634 conservare,
1410 4565 1442 4618 ut
1456 4565 1488 4618 tu

319 4674 349 4729 ιι
367 4669 444 4728 iilius
466 4672 533 4728 tuus
553 4669 638 4727 Jesus
654 4667 784 4727 Christus
799 4668 876 4743 apud
896 4684 949 4728 nos
972 4668 1147 4728 mansionem
1171 4665 1281 4726 facmtis
1304 4682 1366 4723 cum
1388 4669 1487 4724 sancto

320 4775 435 4850 spiritu,
453 4775 504 4848 qni
517 4775 589 4836 rivis
604 4780 634 4837 et
647 4790 752 4850 regnas
767 4779 821 4834 ete.
