3700 5692
973 759 1017 826 68

408 949 473 1024 bure
493 947 530 1008 de
549 947 635 1007 vinea
655 946 783 1020 loquitur
805 949 859 1004 eto.
896 943 981 1019 Nam,
1004 943 1106 1018 inquit,
1127 941 1158 1001 bi
1176 957 1321 1002 semones
1335 941 1484 1016 parabolici
1495 943 1554 1002 ima·

405 1055 486 1130 pines
508 1055 626 1113 suntet
648 1051 809 1110 simulacra.
848 1049 1039 1122 Quamobrem
1061 1047 1276 1122 si'imaginibus
1299 1049 1459 1122 delectaris,
1480 1063 1557 1121 quae

405 1172 462 1219 non
477 1175 542 1218 cnm
558 1174 627 1218 oves
642 1157 740 1218 videas
755 1153 809 1216 tibi
823 1157 854 1215 in
867 1159 993 1214 mentem
1007 1155 1097 1214 venit:
1124 1153 1203 1213 «Nos
1224 1171 1293 1215 oves
1312 1171 1421 1229 snmus,
1444 1153 1558 1213 cbristus

405 1263 456 1324 ille
469 1279 555 1324 verns
569 1267 678 1337 pastor,
703 1263 753 1335 qui
769 1258 870 1321 ovibus
886 1261 938 1321 dat
950 1259 1095 1335 pabulum,
1118 1275 1173 1335 pro
1188 1261 1230 1319 eis
1244 1261 1368 1320 animam
1389 1277 1467 1320 suam
1479 1258 1560 1333 posuit

407 1375 437 1431 et
456 1368 550 1430 adbuc
570 1369 655 1430 bodie
674 1385 729 1444 pro
750 1367 819 1442 ipsis
840 1365 981 1427 sollicitus
1002 1370 1077 1426 est«
1108 1365 1191 1441 Item,
1207 1380 1272 1426 oum
1286 1360 1390 1425 ostium
1408 1364 1501 1424 domus
1512 1369 1560 1423 tue

406 1475 577 1551 ingrederis,
601 1490 653 1534 cur
674 1489 732 1532 non
754 1473 876 1546 cogitas,
905 1468 1055 1531 «Christus
1074 1487 1174 1531 verum
1193 1476 1238 1530 est
1256 1472 1375 1544 ostium,
1398 1467 1561 1545 perdludte

407 1582 517 1642 intrare
527 1584 660 1654 oportet«
671 1582 725 1637 etc.
749 1579 831 1650 Ibem,
848 1593 912 1635 enm
920 1578 1009 1636 vitem
1022 1576 1172 1652 conspicis,
1182 1577 1251 1650 quin
1263 1581 1387 1636 mentem
1398 1582 1475 1635 tuan
1485 1572 1560 1633 subit:

411 1683 562 1745 «obmstm
576 1699 646 1744 vera
661 1687 706 1743 est
718 1681 804 1742 vitis?
835 1681 923 1742 Faxit
935 1681 1030 1755 Dens,
1051 1687 1085 1741 ut
1098 1683 1154 1757 ipsi
1168 1682 1222 1740 sim
1236 1681 1346 1756 palmes
1360 1679 1482 1740 lrnetmn
1494 1680 1522 1738 in
1533 1693 1561 1737 oo

406 1785 504 1850 terens
520 1795 549 1848 et
562 1791 596 1854 in
607 1790 666 1848 vite
680 1803 882 1863 permanens«
908 1787 956 1846 Sic
965 1791 995 1847 et
1007 1786 1138 1846 similiter
1153 1785 1189 1846 de
1200 1787 1274 1846 aliis
1299 1787 1330 1847 si
1342 1787 1419 1846 enim
1430 1789 1480 1846 ant
1488 1785 1562 1856 scrip

406 1893 453 1968 tis,
476 1899 528 1953 aut
542 1894 659 1968 sculptis
674 1893 720 1952 vel
734 1893 868 1967 penicillo
884 1893 1010 1953 emistis
1030 1893 1188 1952 simulacris
1208 1893 1303 1953 animo
1317 1892 1436 1968 gaudes,
1458 1889 1501 1951 iao
1513 1890 1563 1949 bec

405 1999 539 2074 loquacia
553 2000 712 2074 simulacra,
737 2015 801 2072 qum
816 1997 869 2058 tibi
883 1999 1023 2060 salutaria
1037 2003 1068 2060 et
1081 2015 1152 2059 vera
1165 2001 1385 2073 representem,
1405 1995 1562 2057 consideres

406 2103 478 2166 Post
490 2105 552 2164 lroec
564 2105 798 2179 iucundissimam
816 2103 945 2165 reddidit
962 2106 1115 2180 rationem,
1139 2121 1191 2164 cnr
1211 2101 1342 2164 Christus
1362 2119 1396 2163 se
1415 2105 1504 2178 ipsun
1516 2115 1563 2160 non

406 2211 503 2287 cedro,
527 2213 655 2286 quercui,
680 2210 777 2286 abieti,
801 2209 868 2286 sago
884 2218 935 2272 aut
948 2211 981 2271 id
994 2227 1085 2286 genus
1100 2211 1236 2272 arborum
1255 2211 1439 2285 compararit,
1461 2207 1511 2268 sed
1522 2221 1563 2282 po

406 2319 463 2378 tias
483 2319 549 2391 viti,
573 2318 651 2392 igno
671 2330 860 2392 nonmagna
880 2317 1088 2391 aestimationis,
1112 2317 1295 2391 sisnrcnlos,
1317 2317 1453 2392 palmites
1474 2313 1516 2374 vel
1528 2329 1565 2372 sr-

406 2424 506 2484 borem
520 2424 668 2483 intuearis.
705 2423 768 2499 Ast,
791 2423 841 2498 ait,
863 2423 918 2483 hoc
938 2439 1030 2498 genus
1050 2423 1122 2497 ligni
1142 2421 1257 2484 cbristo
1279 2413 1428 2498 aptissime
1448 2417 1563 2496 quadrat

406 2527 480 2589 liam
501 2535 534 2589 nt
552 2529 619 2588 vitis
640 2528 749 2602 braum
770 2533 799 2586 et
819 2526 946 2602 frondes,
969 2529 1000 2586 ni
1014 2525 1138 2586 mactum
1153 2531 1287 2604 aestimes,
1304 2527 1521 2602 contemptibile,
1539 2529 1565 2581 ut

406 2635 437 2692 in
455 2635 579 2708 speciem
599 2633 721 2706 videtur,
746 2637 798 2706 est,
820 2633 862 2692 ita
882 2631 1012 2695 christus
1033 2633 1165 2694 dominus
1186 2634 1254 2694 dum
1268 2635 1298 2694 in
1311 2639 1394 2695 terra
1407 2635 1564 2701 versaretur,

406 2737 581 2811 contemptui
599 2738 713 2798 habitus
728 2746 781 2813 est,
797 2741 827 2797 et
844 2739 950 2798 nullius
963 2741 1075 2799 numeri
1086 2741 1170 2814 juxta
1185 2755 1300 2800 carnem
1315 2737 1428 2798 Judaeis
1441 2737 1566 2809 tiebatct

406 2855 444 2902 ex
457 2841 558 2902 humili
571 2848 663 2904 matre
677 2844 788 2918 virgine
802 2845 898 2904 Maria
913 2843 992 2921 (lieet
1005 2845 1096 2919 stirpe
1110 2843 1203 2921 regia)
1218 2846 1299 2904 nasot
1311 2845 1415 2920 voluit,
1435 2849 1468 2904 ut
1480 2840 1566 2903 snas

407 2947 489 3021 dicit,
513 2949 587 3008 sicut
605 2950 760 3025 virgultum
783 2949 819 3010 de
839 2956 919 3012 terra
942 2950 1025 3011 arida
1039 2966 1221 3026 excrescens,
1250 2951 1350 3024 ntique
1370 2952 1421 3024 qui
1440 2950 1565 3010 dicerent:
1630 3010 1631 3013 ,

406 3052 553 3126 Numquid
566 3052 640 3116 fabri
654 3054 729 3116 filius
745 3063 789 3118 est
802 3055 878 3117 iste?
907 3057 1013 3117 Nonne
1032 3073 1086 3116 nos
1104 3062 1217 3131 petrem
1237 3063 1267 3116 et
1285 3061 1411 3116 matrem
1427 3056 1487 3130 ejus
1500 3051 1565 3113 novi·

405 3156 490 3218 mus?
519 3159 602 3220 Unde
617 3159 664 3220 hic
684 3162 738 3222 scit
752 3159 873 3221 literas?
888 3167 942 3223 etc.
980 3161 1059 3221 Num
1083 3179 1101 3222 a
1121 3160 1242 3223 Galilaea
1262 3161 1331 3235 quid
1349 3160 1440 3222 boni?
1460 3165 1510 3222 ets.
1535 3155 1565 3215 Et

407 3263 536 3324 christus
556 3266 631 3341 ipse,
654 3266 760 3341 inquit,
785 3268 893 3341 gratim
916 3267 1052 3342 egotibi,
1077 3259 1171 3342 pater,
1194 3267 1272 3342 quod
1291 3267 1470 3328 abscondisti
1486 3266 1565 3324 batt

405 3371 581 3443 sapientibus
602 3377 632 3431 et
651 3370 841 3447 prudentibus
863 3377 892 3432 et
914 3388 950 3431 ea
971 3373 1099 3447 parvulis
1120 3371 1264 3432 revelasti.
1301 3373 1342 3433 Et
1363 3373 1486 3433 Paulus:
1510 3367 1565 3429 lion

405 3475 486 3534 multi
508 3481 654 3552 potentes,
678 3493 736 3537 non
757 3477 840 3536 multi
861 3479 1006 3552 sapientes
1028 3477 1184 3538 secundum
1205 3494 1320 3538 carnem
1342 3481 1399 3536 etc.
1442 3477 1491 3537 Sin
1508 3485 1565 3532 vero

404 3579 495 3658 probe
516 3582 605 3642 etad
627 3584 760 3642 amussim
782 3599 844 3642 rem
866 3583 1094 3659 animadvertas,
1119 3582 1249 3642 Christus
1271 3598 1342 3642 vera
1364 3583 1419 3641 illa
1438 3581 1502 3641 vitis
1521 3581 1563 3647 tit

405 3702 468 3762 quaa
491 3686 682 3747 dulcissimum
704 3685 761 3748 lert
781 3685 918 3763 fructum,
943 3685 1067 3748 mactum
1088 3689 1220 3764 spiritns,
1243 3687 1367 3749 fructum
1387 3688 1480 3748 omnis
1499 3681 1563 3752 boii

403 3789 526 3855 mactum
539 3789 617 3866 fidei,
633 3795 704 3868 spei,
720 3792 869 3854 charitatis
885 3811 919 3854 ac
936 3795 1049 3855 demum
1064 3792 1188 3856 mactum
1202 3797 1269 3856 vitae
1284 3811 1320 3854 ac
1334 3795 1438 3855 salutis
1453 3797 1562 3852 reterre.

403 3894 519 3956 Patrem
538 3903 634 3957 antem
653 3899 726 3958 miro
746 3898 889 3959 schemate
909 3900 1062 3960 vinitorem
1081 3901 1141 3960 sive
1160 3901 1314 3976 agricolum
1333 3905 1435 3974 vocat,
1458 3898 1499 3958 illi
1517 3907 1562 3953 om
1628 3952 1629 3979 3

403 4015 468 4060 nem
486 4001 623 4060 honorem
642 4003 780 4064 tribuens.
819 4005 859 4064 Et
877 4005 1007 4079 quando,
1030 4006 1137 4080 inquit,
1161 4012 1245 4080 pstor
1263 4005 1338 4066 hano
1357 4005 1446 4065 vitem
1465 4002 1562 4078 pbnta·
1628 4006 1629 4063 i

402 4100 464 4166 vlt?
494 4106 577 4181 Tum,
599 4121 662 4167 cum
680 4109 799 4168 verbum
817 4125 885 4170 caro
900 4108 1010 4169 lactum
1025 4115 1078 4185 est,
1102 4111 1133 4169 in
1148 4107 1206 4172 tine
1219 4117 1388 4185 temporum.
1419 4109 1493 4169 Vin‘s
1505 4116 1561 4164 vert

402 4211 613 4273 similitudinem
635 4214 784 4289 scripturis
807 4216 895 4276 sacris
917 4213 1085 4276 familiarem
1107 4232 1183 4292 esse,
1207 4233 1244 4277 er
1265 4215 1414 4291 prophetis
1435 4211 1562 4274 Esninti
1628 4268 1629 4287 ,

400 4315 528 4378 Jeremia
542 4317 677 4393 ostendit,
702 4319 770 4380 item
791 4336 827 4379 ex
846 4321 957 4396 psalmo
979 4323 1022 4381 80
1044 4338 1099 4397 per
1113 4338 1165 4382 sex
1179 4321 1308 4398 integros
1322 4337 1436 4394 versus;
1459 4321 1522 4379 iren
1533 4327 1561 4372 tx

400 4419 496 4480 verbis
511 4420 618 4484 Christi
633 4421 669 4483 de
683 4421 743 4483 filio
758 4425 835 4499 regis
853 4429 882 4486 et
897 4426 982 4486 vinea
996 4433 1026 4487 et
1045 4427 1149 4501 iniquis
1164 4428 1306 4503 agricolis.
1337 4428 1410 4488 Item
1425 4440 1487 4486 esso
1499 4435 1561 4498 pra*

322 4535 326 4542 '
399 4529 446 4584 ter
465 4526 539 4586 boue
559 4529 647 4588 vitem
662 4527 806 4590 Christum
826 4530 905 4591 aliud
924 4531 992 4592 vitis
1014 4548 1118 4608 genus,
1144 4532 1220 4608 quod
1241 4533 1402 4594 labruscam
1424 4530 1471 4591 die
1487 4521 1560 4587 vido

397 4627 575 4692 Weinreben
596 4649 738 4694 vocamus.
777 4635 927 4709 Ejusmodi
946 4644 1014 4698 sunt
1036 4638 1129 4700 cultus
1149 4641 1338 4715 excogitatitii
1357 4643 1387 4699 et
1404 4634 1560 4697 traditiones

400 4732 531 4795 hnmanae
547 4753 583 4795 ex
596 4739 648 4798 viti
662 4756 733 4799 vera
746 4757 805 4800 non
821 4742 961 4804 deductae.
992 4745 1109 4806 Patrem
1130 4751 1225 4808 sutem
1244 4746 1383 4820 palmites,
1409 4737 1559 4818 quiinhat
1627 4736 1628 4743 '

399 4833 460 4895 vita
473 4833 596 4898 fructum
611 4855 669 4899 non
683 4841 789 4918 lerunt,
812 4848 865 4907 sed
881 4849 1068 4924 degenerant,
1084 4857 1244 4932 amputare.
1274 4851 1393 4913 Interim
1407 4845 1458 4912 eos
1472 4845 1554 4912 etam·
