3700 5692
945 736 1008 802 1⁷8

381 927 411 983 iu
427 924 572 983 Christum
586 921 745 980 finxerunt:
770 919 896 979 seduxit.
911 919 1049 993 populum
1074 918 1179 979 docens
1203 936 1222 979 a
1242 918 1362 979 Galilaea
1383 922 1558 993 usquehuc.

380 1031 453 1089 ltem
467 1031 656 1087 commentum
671 1026 707 1085 de
722 1025 916 1085 destructione
931 1024 1031 1097 templi
1046 1028 1075 1083 ct
1094 1024 1153 1083 alia
1171 1024 1325 1085 innumera
1339 1025 1560 1085 mendaciorum

381 1140 411 1195 et
424 1134 574 1193 criminum
589 1138 643 1191 etc.
684 1132 758 1190 ltem
772 1135 805 1189 ut
819 1130 921 1190 eadem
936 1135 1003 1188 aute
1018 1128 1164 1188 Christum
1178 1129 1328 1203 prophetis
1342 1130 1476 1202 patribus
1492 1146 1558 1189 eve·

380 1240 485 1297 nerim.
523 1236 651 1296 Adduxit
665 1217 779 1309 guoque
794 1235 888 1293 locum
903 1234 1075 1294 Tertulliani
1088 1234 1238 1306 martyris,
1261 1249 1319 1307 quo
1332 1232 1475 1306 refertur,
1493 1237 1557 1307 qui·

380 1346 434 1405 bus
449 1342 582 1404 conviciis
596 1341 777 1400 christiania
791 1338 924 1412 gentibus
939 1336 1033 1399 affecti
1049 1340 1107 1397 sint
1127 1354 1161 1397 ac
1176 1354 1260 1411 quam
1277 1338 1419 1412 probrosa
1433 1340 1490 1397 illis
1506 1356 1557 1398 no·

380 1451 458 1509 mina
475 1448 645 1519 indiderint,
673 1446 782 1504 scilicet
800 1459 850 1502 ecs
870 1449 1007 1503 vocantes
1028 1445 1176 1518 scelestos,
1205 1445 1398 1516 incestuosos,
1421 1460 1456 1502 eo
1481 1443 1560 1517 quod

381 1554 571 1613 mentirentur
596 1551 780 1624 christianos,
811 1551 861 1623 qui
888 1549 1015 1609 interdiu
1041 1550 1078 1609 oh
1098 1555 1298 1622 persecutores
1318 1550 1473 1609 convenire
1499 1564 1559 1607 non

380 1664 509 1732 possem,
525 1662 613 1715 noctu
625 1656 665 1713 ad
678 1655 812 1713 lucernas
826 1662 1024 1729 congregatos,
1046 1654 1147 1713 catulis
1163 1652 1265 1712 offulas
1279 1654 1416 1728 objicere,
1433 1654 1484 1726 qui
1499 1653 1557 1712 dis·

382 1767 533 1820 currentes
548 1759 721 1820 candelebra
737 1765 766 1818 et
780 1758 888 1819 lumina
902 1760 1061 1831 dejicerent
1069 1765 1098 1817 et
1108 1757 1241 1833 lampada
1256 1758 1389 1817 ardentia
1404 1760 1555 1831 extingue·

380 1871 462 1939 rent,
482 1872 512 1925 et
532 1871 593 1924 tum
608 1865 779 1923 christianos
799 1864 923 1922 incestos
946 1865 1037 1923 coitus
1053 1864 1158 1923 nullius
1173 1864 1374 1935 sanguinitatis
1388 1862 1492 1921 habite
1507 1878 1555 1921 ra·

381 1972 461 2029 tione
476 1977 506 2029 et
520 1976 727 2044 praeposteram
741 1985 876 2028 uenerem
890 1969 973 2027 inira.
996 1970 1070 2027 Item
1084 1967 1281 2042 infanticidas,
1303 1972 1337 2027 nt
1356 1968 1453 2040 quiin
1468 1966 1558 2027 eccle·

381 2075 426 2134 sia
439 2090 492 2134 sua
506 2074 645 2134 infantem
668 2075 799 2132 occidere
821 2073 950 2133 solerent
972 2080 1002 2133 et
1016 2073 1101 2147 hujus
1116 2074 1262 2147 sauguinis
1276 2074 1446 2147 aspersione
1462 2088 1493 2130 se
1508 2089 1556 2130 ex-

381 2181 504 2254 piarent.
528 2181 600 2239 ltem
614 2180 783 2238 sarmaticus
797 2178 836 2238 ob
850 2179 934 2253 palos
950 2180 1053 2250 quibus
1076 2179 1278 2253 alligabantur.
1316 2179 1390 2236 Item
1405 2178 1558 2236 semisseos

381 2300 402 2342 a
416 2286 543 2343 semisse.
582 2285 654 2342 Item
669 2285 852 2357 desperatos,
878 2286 928 2357 qui
943 2285 1030 2342 vitem
1045 2290 1075 2343 et
1089 2286 1184 2344 omnia
1199 2288 1392 2342 contemnant.
1434 2283 1515 2341 Sicut
1530 2287 1559 2339 et

382 2395 481 2449 nostm
496 2406 559 2449 evo
573 2390 644 2447 nihil
659 2405 718 2449 nou
731 2390 939 2460 conuiuiorum,
964 2388 1070 2462 inqult,
1093 2390 1123 2447 in
1145 2405 1197 2447 nos
1217 2389 1325 2461 Jacitur
1348 2392 1377 2444 et
1399 2384 1556 2459 effingitur.

381 2494 423 2553 Et
434 2500 469 2552 ut
482 2484 577 2553 omnia
591 2499 689 2553 cetera
704 2498 888 2567 preteream,
911 2494 1010 2553 dicunt
1025 2509 1076 2551 nos
1091 2510 1143 2568 pro
1166 2493 1337 2567 evangelicis
1353 2508 1405 2551 vor
1421 2492 1556 2564 Evange-

382 2598 471 2657 lische
483 2596 632 2670 hellische,
656 2597 704 2656 die
719 2596 918 2671 evaugeliache
932 2598 1042 2671 Lehre,
1065 2598 1111 2657 die
1131 2598 1266 2657 hellische
1281 2598 1343 2655 lehr
1357 2600 1412 2655 etc.
1436 2602 1440 2607 ’
1453 2595 1557 2654 Odium

383 2717 453 2761 vere
468 2702 523 2759 boc
537 2706 566 2758 et
579 2704 742 2775 persecutio
756 2719 791 2761 ac
805 2702 886 2760 verbi
900 2710 1081 2777 contemptus
1096 2704 1215 2763 utribus
1230 2702 1291 2760 lere
1306 2701 1454 2761 homiuum
1470 2715 1555 2773 gene·

383 2806 463 2864 ribus
477 2803 550 2863 fiunt
564 2809 594 2863 et
608 2810 789 2878 exequuntur
803 2823 821 2865 a
834 2807 955 2882 ludaeis,
971 2808 1091 2867 ethnicis
1104 2814 1134 2866 et
1147 2806 1430 2881 pseudochristianis.
1455 2804 1514 2863 Sed
1528 2803 1558 2861 id

384 2911 422 2970 ab
435 2910 509 2982 aliis,
525 2911 590 2969 aliis
605 2910 641 2968 de
656 2912 749 2969 cauma
766 2910 875 2971 aeoliis
890 2913 982 2971 modis
997 2910 1039 2971 ht.
1063 2913 1159 2973 Judaei
1169 2914 1243 2971 enim
1253 2911 1397 2970 Christum
1412 2908 1557 2984 persecuti

384 3021 464 3087 suut,
488 3031 547 3073 uon
563 3015 641 3087 quod
654 3015 686 3073 hi
700 3015 790 3075 videri
805 3016 895 3075 velint
909 3018 958 3090 qui
974 3016 1117 3076 Christum
1138 3017 1294 3090 dondnum,
1318 3032 1404 3090 quem
1420 3016 1461 3073 illi
1476 3015 1556 3083 Mes·

384 3120 457 3178 dam
469 3124 582 3192 vocant,
598 3126 851 3193 persequerentur.
890 3122 984 3181 Erunt
1000 3124 1089 3195 enim,
1104 3127 1138 3180 ut
1152 3122 1205 3180 sibi
1221 3122 1290 3196 ipsis
1306 3120 1492 3191 videbantur,
1507 3136 1558 3193 po-

385 3224 468 3298 pulus
484 3223 601 3298 domini,
616 3224 652 3282 de
667 3225 841 3297 quoDavid:
857 3226 952 3285 Notus
968 3228 1056 3286 estin
1071 3226 1175 3285 Judma
1189 3226 1268 3283 Deus
1283 3230 1313 3283 et
1327 3226 1357 3283 in
1367 3224 1460 3283 Israel
1475 3239 1556 3297 mag·

388 3344 456 3387 uum
470 3343 578 3386 numen
592 3330 664 3402 eJus.
703 3331 838 3391 Sciebant
859 3332 935 3389 enirn
949 3337 1086 3403 tanquam
1101 3331 1146 3404 hi,
1163 3332 1213 3402 qui
1227 3330 1370 3389 habebant
1385 3329 1556 3404 scripturas,

386 3432 464 3505 quod
483 3432 608 3492 christus
623 3434 730 3493 domini
743 3435 800 3493 illis
814 3436 971 3509 promissus
985 3440 1061 3509 erat,
1084 3451 1169 3509 quem
1192 3440 1221 3495 et
1235 3439 1389 3509 expectare
1405 3449 1438 3491 se
1454 3434 1558 3507 gloria·

384 3538 500 3597 bantur.
537 3538 620 3596 Adde
642 3539 718 3611 quod
741 3540 818 3598 solos
837 3557 869 3598 se
884 3541 977 3599 uideri
991 3540 1140 3615 volebant,
1155 3542 1205 3614 qui
1220 3556 1325 3599 nomeu
1339 3539 1448 3597 domiui
1462 3538 1559 3612 magni

386 3640 523 3716 facerent,
540 3658 593 3701 nec
608 3644 828 3715 pretendebant
848 3646 924 3717 quod
940 3644 1083 3704 Christum
1100 3660 1136 3703 eo
1151 3644 1312 3703 interficere
1328 3646 1425 3702 auium
1439 3642 1498 3701 illis
1512 3658 1557 3701 se·

385 3746 477 3819 deret,
493 3748 572 3819 quod
585 3750 725 3822 magistra
743 3751 865 3808 veritate
885 3766 983 3808 eorum
999 3750 1085 3807 vitam
1099 3750 1273 3824 corriperet,
1296 3748 1348 3807 sed
1363 3750 1433 3821 quia
1450 3747 1489 3824 (si
1504 3746 1558 3805 diis

386 3850 494 3926 placet)
514 3868 545 3911 se
558 3852 696 3911 christum
711 3854 818 3912 domini
832 3855 1011 3929 mentiretur,
1042 3856 1143 3913 caesari
1156 3854 1286 3913 homines
1301 3854 1501 3925 immorigeros
1515 3850 1558 3910 fa-

386 3970 452 4015 cere
466 3962 620 4015 conaretur
634 3963 664 4015 et
678 3958 813 4030 quicquid
827 3958 857 4016 id
873 3964 931 4032 est,
954 3975 991 4018 cx
1004 3976 1061 4033 quo
1078 3958 1136 4018 odii
1150 3960 1194 4017 sui
1216 3960 1363 4031 perizonia
1378 3958 1558 4034 quaerebant.

386 4060 513 4120 Mutine
532 4066 629 4119 autam
651 4062 729 4134 quod
752 4062 911 4121 doctrinam
936 4063 1139 4123 traditionibus
1158 4069 1188 4123 et
1207 4064 1348 4123 communi
1366 4066 1432 4121 ursui
1453 4078 1559 4137 repug-

387 4170 503 4224 nantem
517 4165 642 4224 doceret.
680 4167 736 4224 Hic
751 4182 865 4240 quoque
879 4169 1012 4227 nonnihil
1026 4168 1062 4228 de
1077 4170 1250 4229 Asianorum
1264 4169 1332 4227 olim
1347 4168 1378 4225 in
1392 4184 1463 4227 uere
1479 4167 1560 4225 Chri·

387 4270 494 4329 suanos
508 4273 721 4345 persecutione,
744 4274 793 4345 qui
812 4276 843 4331 et
861 4274 917 4346 ipsi
931 4274 988 4332 alio
1003 4279 1148 4347 pretextu
1165 4275 1310 4348 prosecuti
1324 4272 1452 4347 fuerunt,
1469 4273 1559 4331 disse·

386 4375 446 4435 ruit
460 4375 552 4450 (Lege
566 4376 739 4451 Eusebium,
755 4377 976 4437 ecclesiasticam
991 4380 1140 4439 historiam
1153 4379 1344 4453 tripartitum,
1361 4380 1431 4435 item
1448 4380 1556 4437 Hilari·

387 4494 435 4536 um
450 4479 487 4537 de
502 4484 701 4552 persecutione
714 4478 844 4556 Africa).
883 4483 999 4543 Ethnici
1012 4500 1081 4544 vero
1095 4486 1141 4543 rel
1156 4485 1278 4558 gentiles
1293 4483 1474 4541 Christianos
1488 4500 1557 4557 sup·

387 4582 480 4656 pliciis
494 4582 665 4660 afficiebant,
689 4587 760 4645 nihil
775 4594 919 4647 morantes
935 4605 1056 4649 verusne
1071 4606 1109 4650 an
1123 4588 1354 4663 pseudochristus
1372 4594 1458 4662 esset,
1475 4604 1561 4663 quem

387 4687 510 4759 apostoli
531 4691 744 4749 annunciabant
763 4696 794 4750 et
811 4694 901 4751 ceteri
923 4692 1028 4753 Christi
1049 4693 1149 4755 fideles
1169 4691 1392 4753 confitebantur.
1428 4694 1469 4751 Hi
1483 4693 1560 4752 enim

388 4804 441 4847 nec
453 4792 542 4851 libros
555 4793 639 4869 legis,
659 4810 713 4853 nec
727 4798 885 4870 scripturas
899 4813 997 4859 sacras
1017 4803 1068 4858 aut
1081 4799 1237 4875 prophetas
1252 4798 1405 4859 ueritatem
1418 4799 1559 4860 annuuci-
