3700 5692
931 692 1004 765 aad

384 883 487 961 p‘salmi
504 886 565 945 119
581 884 723 961 exposuit,
738 884 819 959 onjns
833 881 960 943 initiam:
973 881 1043 942 Feei
1056 876 1195 956 jndioinm
1210 876 1402 957 et'jnsdtiam
1416 878 1457 941 ne
1470 882 1557 957 igitur

382 993 480 1053 tradas
495 1006 541 1050 ma
562 990 787 1065 oppressoribus*
801 990 896 1049 meis·
920 988 1017 1048 Primo
1035 988 1153 1061 repetiit
1174 1004 1238 1079 qnae
1261 984 1324 1047 iieri
1345 1002 1400 1061 pro
1422 988 1557 1047 concione

382 1096 462 1158 diota
475 1102 567 1157 erant.
589 1094 703 1157 Deinde
716 1098 766 1173 ait,
782 1096 859 1156 hano
872 1109 989 1169 soopum
1002 1094 1088 1167 injus
1100 1094 1242 1154 octonarii
1257 1102 1330 1166 esse,
1347 1092 1426 1166 qnod
1441 1095 1481 1152 sit
1495 1106 1558 1153 ora·

382 1204 425 1263 tio
440 1203 568 1261 eoelesioe
581 1203 754 1262 universalis
768 1206 798 1262 et
812 1201 1036 1274 uniuscujusque
1050 1197 1157 1275 fidelis,
1179 1203 1209 1258 et
1224 1198 1315 1273 qnod,
1332 1215 1397 1260 oum
1412 1214 1449 1259 ex
1463 1200 1558 1257 animo

382 1308 493 1369 servari
509 1307 650 1381 juditium
670 1313 699 1368 et
715 1309 857 1390 justitimn
881 1306 979 1379 cupiat
999 1304 1157 1379 iaciatque,
1181 1308 1212 1363 et
1229 1302 1318 1364 faeiat
1344 1318 1459 1377 qnoque
1476 1303 1560 1376 juxta

383 1414 492 1475 donem
506 1414 553 1474 dei
566 1413 610 1473 illi
623 1412 735 1487 datum,
760 1414 845 1474 deum
858 1414 986 1487 invocet,
1010 1416 1043 1471 ιιι
1056 1408 1194 1471 defendat
1208 1415 1238 1469 et
1252 1412 1388 1484 protegat
1402 1408 1440 1469 ab
1454 1407 1559 1467 adver-
1616 1482 1621 1496 l

383 1519 467 1580 seriis
480 1524 537 1579 oto.
563 1519 603 1581 Iit
616 1519 692 1579 hano
704 1519 878 1590 orationem,
895 1517 1001 1591 inquit,
1018 1517 1043 1575 si
1057 1532 1185 1590 unquam
1198 1516 1391 1575 neeessariam
1405 1512 1496 1573 inisse
1510 1530 1559 1573 ar-

381 1626 536 1700 bitremur,
560 1622 688 1698 proiecto
708 1640 785 1683 nono
804 1623 906 1683 orandi
924 1627 1037 1695 tompus
1057 1627 1114 1696 ost,
1137 1636 1202 1679 oum
1220 1622 1340 1681 verbnm
1362 1620 1409 1679 dei
1429 1617 1561 1693 qnotidie

382 1729 542 1789 adulterari
556 1729 683 1789 videmus
699 1735 729 1789 et
741 1729 858 1804 tyranni
871 1733 1024 1803 exurgunt,
1041 1729 1090 1801 qni
1104 1728 1265 1787 doominam
1273 1724 1405 1787 veriatis
1420 1740 1481 1783 nna
1496 1738 1562 1783 enm

383 1834 575 1896 assertoribus
588 1835 651 1909 eins
663 1850 680 1894 e
690 1834 786 1895 medio
794 1834 937 1895 snblntam
948 1835 1057 1895 volunt.
1080 1834 1100 1893 J
1101 1835 1173 1894 ussit
1185 1847 1298 1907 quoqne
1311 1832 1471 1905 observari,
1482 1830 1562 1903 qnod

382 1956 456 2016 pene
471 1940 571 2001 eadem
584 1956 648 1999 sors
662 1945 714 1999 ant
723 1938 841 2000 iortnna
852 1941 980 2000 eeclesiae
993 1946 1023 2000 et
1034 1942 1147 2014 piorum
1159 1938 1286 2003 omnium
1297 1943 1461 2010 temporum
1472 1933 1563 1995 inerit

382 2045 457 2107 adeo
472 2049 505 2105 nt
518 2044 565 2105 vel
571 2044 713 2106 Davidem
725 2046 788 2105 heo
800 2047 847 2106 vel
861 2051 961 2105 nostro
972 2046 1027 2105 hoo
1038 2042 1288 2120 perturbatissime
1299 2042 1395 2101 seculo
1409 2043 1562 2116 scripsisse

378 2149 476 2214 videri
496 2154 614 2228 poterit
652 2152 758 2212 Deonit
772 2154 803 2211 et
820 2151 904 2227 stite,
927 2150 998 2224 qnid
1016 2148 1063 2211 hio
1081 2151 1195 2224 jnstitia
1214 2150 1365 2209 diseretor.
1405 2146 1560 2223 Nimis-nm,

382 2258 485 2333 inquit,
499 2256 749 2317 meritnmdhristi
760 2259 904 2333 respicere
918 2262 948 2317 et
960 2258 1003 2315 ilii
1014 2255 1103 2317 fidere
1116 2260 1146 2316 et
1157 2254 1317 2329 adherere,
1332 2268 1392 2313 nna
1404 2257 1435 2313 et
1449 2268 1562 2311 summa

383 2368 429 2423 est
438 2364 561 2438 institia,
577 2363 614 2423 de
628 2379 686 2438 qna
694 2362 790 2434 David
804 2367 835 2422 et
848 2362 939 2423 oeteri
952 2363 1102 2437 prophetoe
1116 2363 1283 2436 loquuntur,
1297 2361 1352 2419 hoo
1366 2359 1443 2419 enim
1456 2357 1562 2433 justifi-

382 2483 494 2542 oemm,
516 2484 575 2529 non
589 2469 655 2543 illa,
676 2485 740 2544 qne
754 2467 823 2529 fidei
837 2486 922 2530 serva
937 2476 995 2544 est,
1020 2485 1078 2542 qna
1091 2469 1168 2529 bona
1182 2482 1271 2543 opera
1285 2480 1447 2541 operamur.
1487 2467 1562 2527 Item

384 2573 500 2635 dioebat
517 2575 568 2649 qni
586 2576 683 2634 essent
700 2575 732 2634 hi
750 2574 859 2650 turgidi
876 2581 906 2635 et
925 2575 1056 2651 superbi,
1080 2581 1182 2635 eontra
1201 2588 1322 2647 quornm
1341 2572 1399 2631 vim
1417 2573 1563 2645 propheta

384 2678 431 2739 hio
445 2683 519 2739 oret.
556 2680 712 2755 Videlicet,
727 2682 835 2755 inquit,
850 2682 969 2755 tyranni
983 2680 1039 2755 illi,
1056 2682 1105 2754 qni
1120 2680 1359 2755 superediositate
1373 2692 1427 2736 sna
1441 2677 1560 2739 verbum

384 2784 494 2845 domini
508 2789 694 2846 oontemnnnt
707 2802 742 2847 ao
756 2786 811 2845 sibi
825 2787 879 2848 soli
894 2802 997 2861 sapere
1011 2785 1159 2861 videntur,
1179 2787 1308 2847 volentes
1322 2783 1472 2845 hominnm
1493 2800 1559 2845 oon·

384 2891 518 2951 scientias
537 2892 584 2951 vel
598 2894 699 2951 eontra
721 2893 878 2967 seripturas
901 2892 947 2953 vel
965 2892 1066 2952 iisdem
1085 2891 1122 2953 ad
1142 2894 1269 2966 ipsorum
1288 2892 1416 2964 palatum
1438 2888 1560 2949 detortis
1581 2914 1584 2920 ·

384 2995 546 3071 astringere
560 2996 745 3071 adigereqne
769 2998 828 3073 qni,
852 3014 870 3058 o
885 2998 957 3057 deus
972 2996 1061 3071 bone,
1086 3012 1172 3072 qnam
1186 3012 1262 3057 none
1275 2997 1416 3071 regnante
1431 2996 1559 3057 Sathena

384 3102 551 3162 sevientes
563 3108 697 3177 regnam.
735 3104 809 3163 Item
823 3102 893 3177 qnid
911 3103 950 3163 sit
963 3104 1060 3163 oonlos
1081 3104 1120 3165 ad
1135 3102 1219 3163 deum
1233 3098 1357 3163 dir‘eotos
1373 3102 1420 3161 vel
1434 3102 1559 3161 intentos

384 3204 493 3269 hebere
506 3207 546 3278 ad
558 3207 607 3269 dei
620 3209 854 3269 misenioordiam.
892 3208 948 3268 Hie
963 3210 1039 3267 enim
1054 3224 1137 3269 omne
1156 3213 1285 3269 nostrum
1300 3206 1464 3269 exoloditnr
1477 3207 1560 3265 meri·

384 3318 455 3373 tnm.
479 3313 601 3374 Oremns
611 3316 708 3390 igitur,
720 3320 754 3375 nt
762 3314 917 3376 seeundum
928 3312 1105 3375 bonitatem¹
1116 3330 1196 3374 snam
1209 3314 1340 3374 dominns
1354 3313 1416 3373 vies
1431 3328 1501 3374 sues
1510 3329 1559 3373 nos

386 3420 515 3495 edoceat,
531 3422 594 3496 ipse
608 3422 684 3481 enim
700 3427 745 3480 est
759 3423 859 3481 uniens
871 3421 973 3481 dootor
986 3421 1145 3503 atvertum
1156 3426 1187 3480 et
1198 3434 1247 3478 oor
1261 3418 1343 3479 dans.
1369 3419 1474 3479 Sumus
1487 3418 1560 3479 enim

386 3526 464 3586 servi
477 3526 550 3601 ejns‚
566 3532 596 3586 et
609 3537 709 3586 servus
724 3528 816 3587 soiens
830 3526 905 3586 velle
918 3525 983 3585 heri
997 3526 1041 3585 sni
1055 3531 1085 3585 et
1098 3540 1156 3585 non
1170 3522 1277 3585 iaciens
1292 3525 1385 3599 plagis
1398 3525 1499 3585 multis
1513 3540 1561 3584 va·

385 3632 496 3706 pnlabit
504 3638 559 3693 eto.
582 3633 655 3692 Item
669 3647 734 3705 qnae
745 3636 843 3691 essent
856 3632 1020 3691 testimonis
1034 3631 1149 3705 domini,
1166 3632 1372 3694 obtestationes
1383 3632 1431 3692 vei
1445 3630 1561 3691 decreta

385 3742 438 3799 ant
449 3739 581 3798 instituta
592 3739 677 3813 juxta
689 3742 805 3813 tropum
824 3739 1032 3812 seripturarum
1047 3738 1189 3811 exposuit.
1228 3737 1367 3812 Tempus,
1389 3737 1497 3812 inquit,
1520 3735 1560 3795 fe·
1633 3798 1634 3801 ,

385 3842 481 3903 oiendi
494 3842 609 3904 domine
623 3845 836 3919 dissipaverunt
847 3845 941 3918 legem
956 3849 1044 3903 tuam.
1067 3843 1114 3901 En
1130 3843 1245 3903 domino
1259 3848 1358 3903 sancte
1373 3847 1473 3918 pater,
1491 3842 1558 3902 dens

385 3946 471 4009 fortis
485 3953 516 4008 et
528 3965 646 4025 magne,
667 3949 748 4024 onius
762 3947 981 4024 magnificentie
997 3965 1049 4009 neo
1064 3948 1165 4009 modus
1181 3964 1234 4008 neo
1248 3947 1315 4007 finis
1330 3954 1388 4022 est,
1410 3962 1519 4023 exurge
1533 3952 1561 4007 et

387 4054 496 4127 dissipa
509 4062 622 4129 gentes,
644 4057 693 4128 qni
708 4054 784 4115 bella
798 4055 907 4114 volunt.
944 4055 1012 4114 Non
1026 4054 1119 4114 solnm
1134 4054 1210 4114 enim
1225 4058 1290 4115 tuos
1305 4058 1519 4129 persequuntur
1532 4056 1561 4111 et
1621 4098 1624 4101 .

386 4163 600 4219 sacrosanctum
615 4161 732 4222 verbnm
747 4166 826 4220 tuum
840 4161 1000 4235 invertunt,
1020 4158 1159 4219 addentes
1173 4160 1358 4233 iniquissimae
1373 4172 1435 4217 snm
1447 4156 1559 4218 ierooie

286 4246 288 4261 '
386 4265 554 4327 dndoeornm
568 4265 767 4340 soliditatem,
786 4270 821 4325 ιιι
835 4265 914 4339 qnod
928 4266 1066 4325 haetenus
1087 4264 1173 4325 armis
1189 4269 1220 4324 et
1232 4266 1316 4324 minis
1337 4280 1397 4324 non
1411 4264 1559 4338 prooessit,

387 4388 464 4432 nuno
478 4372 544 4433 dolo
559 4379 591 4433 et
603 4374 751 4433 eversione
766 4372 953 4432 ecdesiarmn
972 4376 1002 4431 et
1015 4371 1177 4431 scholarum
1190 4367 1327 4429 efficiant.
1365 4368 1492 4443 Tempus
1508 4370 1559 4442 est,

389 4477 551 4553 odomino,
570 4480 683 4555 etipse
700 4478 790 4538 fanias
810 4482 840 4537 et
859 4492 975 4552 regnes.
1012 4476 1090 4537 Vere
1109 4474 1184 4534 onim
1205 4474 1297 4548 legem
1317 4479 1397 4533 tuem
1417 4478 1447 4532 et
1465 4475 1560 4535 loetum

388 4582 530 4657 mangoni
543 4581 679 4643 nnnoinm
692 4582 842 4659 desinam
857 4581 941 4642 nobis
955 4595 1009 4640 sna
1023 4580 1118 4641 edicta
1130 4586 1161 4641 et
1174 4581 1285 4640 somnia
1298 4578 1496 4656 obtrudentes,
1513 4594 1560 4640 ne·

958 4718 983 4755 '*

467 4802 547 4854 liis.
569 4800 716 4855 adomino.
