3700 5692
874 680 945 755 2⁵1

330 869 509 933 sacrosancti
525 866 649 942 glorium
671 864 780 928 dooere
800 864 943 941 dignetur.
980 864 1035 927 (tui
1059 882 1123 927 cum
1145 864 1244 929 eodem
1266 864 1327 927 filio
1350 873 1381 929 et
1401 873 1499 929 scncm

331 976 438 1051 spiritu
452 974 544 1037 omnis
558 974 623 1036 isus
637 972 731 1033 bonor
745 977 776 1033 et
788 974 882 1047 gloria
895 975 927 1033 in
942 974 1068 1035 seculum
1082 973 1180 1033 seculi.
1271 1022 1273 1025 .
1295 1038 1302 1045 ὀ

420 1080 532 1141 Eodem
553 1079 642 1153 igitur
661 1094 737 1139 nouo
756 1079 888 1139 anuurii
906 1078 954 1139 die
973 1078 1098 1139 illustres
1119 1078 1264 1154 principes
1287 1079 1501 1155 Wilbebuuset

331 1186 475 1261 Georgius
489 1185 634 1245 Ernestns
648 1188 736 1257 poter.
746 1189 775 1243 et
789 1182 866 1243 filius
881 1185 1000 1243 comites
1016 1199 1050 1243 ac
1066 1183 1175 1244 domini
1190 1183 1227 1243 sb
1241 1183 1414 1258 Henneberg
1429 1188 1499 1246 stre·

330 1307 419 1351 numu
433 1290 526 1349 virum
540 1289 739 1350 Sebastianum
754 1306 773 1349 e
787 1289 983 1364 Vimcubsgen
997 1289 1056 1349 suis
1070 1289 1184 1362 litteris,
1205 1293 1238 1347 ut
1251 1293 1363 1363 vocent,
1379 1290 1499 1349 creden·

329 1398 437 1456 tiorum
456 1396 488 1453 in
506 1395 563 1455 boo
581 1394 622 1454 ud
639 1411 693 1455 nos
715 1394 791 1455 dntis
805 1394 862 1455 buc
875 1394 1044 1470 Wsldcgem
1059 1395 1207 1469 miseruut,
1227 1394 1276 1468 qui
1289 1394 1382 1469 primo
1397 1411 1449 1455 nos
1464 1394 1500 1455 de

329 1501 509 1576 benignitate
524 1505 555 1559 et
568 1501 676 1575 optimo
691 1499 795 1560 effectu
808 1500 968 1574 principum
984 1518 1099 1561 suorum
1114 1516 1185 1574 erge
1198 1515 1250 1559 nos
1265 1515 1328 1559 cum
1342 1497 1501 1559 officiorum

329 1622 477 1683 propenso
495 1606 643 1667 voluutste
671 1604 924 1667 commonefaciens
951 1607 1054 1667 deinde
1078 1606 1190 1681 retudit,
1220 1606 1349 1665 dominos
1371 1622 1437 1665 suos
1459 1605 1502 1665 illi

329 1716 489 1786 presentes
503 1711 615 1771 littores
629 1712 812 1773 illustrissimi
826 1717 857 1772 et
870 1713 970 1787 optimi
984 1711 1003 1771 J
1004 1714 1104 1774 oannis
1119 1711 1259 1771 Friderici
1275 1711 1354 1771 ducis
1369 1710 1500 1778 Saxonis>

329 1817 466 1878 electoris
480 1818 542 1877 nuti
555 1814 729 1891 lundtgrevii
743 1817 909 1893 Thuringiae
929 1823 959 1877 et
978 1818 1149 1877 marchionis
1169 1818 1283 1875 Misnioe
1304 1817 1341 1877 od
1356 1817 1433 1893 ipsos
1449 1817 1499 1877 ds·

330 1928 376 1983 tos
391 1923 475 1983 uobis
489 1921 663 1984 exhibendus
676 1922 871 1997 legendusque
885 1923 1058 1998 injunxisse,
1079 1922 1178 1982 sddite
1193 1922 1307 1981 nomine
1323 1920 1501 1992 dominorum

330 2045 447 2089 suorum
467 2030 620 2104 petitione,
647 2028 744 2087 uthis
763 2028 898 2102 perlectis
918 2033 948 2087 et
968 2026 1119 2103 pensitatis
1140 2032 1221 2087 tento
1243 2026 1366 2102 principi
1388 2028 1419 2085 in
1441 2033 1501 2085 tum

329 2136 452 2195 honesto
467 2140 497 2194 ct
510 2134 559 2209 pio
573 2134 637 2207 ejus
650 2134 782 2193 instituto
803 2148 911 2193 morem
934 2149 1036 2209 gerere
1051 2149 1108 2192 non
1123 2133 1363 2209 detrectaremus,
1377 2146 1499 2206 preser-

329 2242 383 2299 tim
398 2256 464 2302 cum
476 2239 508 2300 id
523 2240 606 2301 nobis
621 2245 652 2299 ct
664 2240 769 2299 honori
783 2244 813 2298 et
828 2238 977 2299 commodo
991 2238 1116 2299 cederet.
1148 2239 1183 2298 Id
1197 2216 1295 2299 embos
1311 2254 1378 2297 suos
1393 2238 1499 2311 princi·
1527 2305 1530 2311 ,

330 2362 383 2421 pes
397 2345 503 2407 obnixe
517 2344 682 2421 deprecari,
706 2360 744 2403 ne
763 2346 810 2405 vel
830 2360 916 2403 unsm
936 2345 1012 2404 benc
1029 2345 1224 2420 precationem
1246 2343 1445 2419 abnueremus,
1469 2360 1501 2403 se

329 2451 455 2512 vicissim
470 2450 552 2510 nobis
567 2455 734 2525 etcorpore
748 2456 780 2511 et
792 2450 874 2511 bonis
889 2450 986 2517 omnia
1000 2454 1084 2525 grets
1098 2446 1192 2509 officia
1207 2449 1396 2523 praestituros.

420 2557 492 2617 Haec
512 2572 531 2615 s
550 2554 628 2616 dicto
643 2556 811 2617 Sebostisuo
831 2572 889 2630 quo
908 2556 990 2615 decet
1009 2557 1172 2617 reverentis
1194 2560 1224 2615 et
1242 2556 1332 2615 omisa
1352 2554 1500 2614 uoluntate

330 2661 446 2723 nomine
456 2661 636 2723 dominorum
645 2678 762 2723 suorum
775 2662 944 2736 occepimus,
960 2661 1178 2736 respondentes,
1194 2662 1344 2735 negocium
1358 2660 1413 2721 hos
1426 2661 1501 2734 ejus·

320 2766 411 2829 modi
425 2783 499 2839 esse,
514 2772 548 2827 ut
562 2756 769 2834 deliberatione
787 2783 860 2843 opus
879 2766 999 2843 babeat,
1024 2784 1081 2841 qus
1095 2766 1195 2829 bebite
1209 2784 1261 2828 nos
1275 2768 1371 2839 letius,
1387 2766 1436 2840 qui
1451 2766 1502 2825 do·

330 2874 416 2933 minis
440 2872 500 2933 suis
514 2878 614 2933 nostro
628 2874 742 2934 nomine
760 2871 871 2935 referre
890 2873 1026 2949 deberet,
1046 2874 1096 2934 ubi
1108 2890 1206 2934 unum
1226 2878 1277 2934 sut
1290 2874 1413 2933 alterum
1426 2872 1501 2933 diem

329 2979 377 3038 bic
392 2978 542 3053 quieverit,
558 2977 685 3040 tumere
699 2978 782 3037 velle.

441 3083 598 3157 Exemplsr
627 3084 789 3143 litterarum
824 3083 1009 3141 illustrissimi
1046 3084 1182 3160 principis
1211 3084 1330 3145 loannis
1360 3083 1502 3145 Friderici

330 3189 474 3251 electoris.

435 3296 531 3355 Vnser
545 3291 717 3357 ireuudtlioh
731 3290 825 3351 diensi
839 3308 927 3352 zuvor
942 3290 1160 3366 hochgeborner
1172 3292 1264 3353 lieber
1279 3294 1380 3377 oheim.
1403 3294 1499 3353 Nech-

331 3402 397 3461 dem
411 3401 447 3460 Ε.
463 3400 498 3459 L.
520 3400 595 3459 obnc
610 3397 746 3458 Zueiffell
758 3398 896 3471 wisseuu,
919 3414 978 3457 wes
997 3396 1044 3455 fur
1066 3396 1177 3457 Intumb
1196 3396 1328 3457 Andreas
1351 3396 1500 3471 Osieuder,

331 3506 455 3568 welober
478 3522 580 3567 numer
604 3502 808 3578 serstorbenn,
838 3504 891 3563 mit
920 3505 1016 3565 seiucr
1039 3501 1236 3570 ueriuriscbeu
1262 3503 1358 3563 Leher
1382 3504 1413 3561 in
1437 3503 1501 3563 dem

330 3610 698 3685 Hermogtunb.1>reusscn
712 3615 810 3685 erregt
823 3608 902 3669 vnnd
915 3609 1081 3685 ungericbt,
1110 3608 1184 3669 euch
1200 3608 1301 3683 derio,
1316 3609 1369 3669 wie
1383 3610 1436 3669 wir
1450 3609 1499 3671 be·

329 3717 445 3791 riobtet,
462 3731 589 3775 vusernn
602 3714 832 3776 beuudtlicbcnn
847 3714 1005 3776 Obcimenn
1023 3713 1101 3775 vnnd
1115 3714 1266 3793 Scbwuger
1289 3714 1365 3775 denu
1378 3715 1499 3777 Hertzo·

329 3840 409 3897 genu
428 3824 460 3884 in
477 3822 634 3896 Preussen,
659 3819 709 3879 ulti
727 3822 811 3881 einen
831 3821 921 3881 Alton
935 3821 1146 3895 Verstendigen
1166 3820 1244 3881 vnud
1257 3821 1363 3881 weiseu
1376 3822 1502 3881 Fursten

330 3927 528 4003 Ingleiohnuss
549 3927 667 4001 geleitet
685 3927 765 3990 vund
787 3925 901 4001 geluert
914 3926 987 3987 hott.
1025 3927 1092 3987 Vnd
1106 3927 1224 3987 wiewoll
1242 3925 1284 3986 vii
1297 3928 1325 3989 S.
1341 3927 1375 3988 L.
1391 3928 1502 4002 bitteun

329 4034 410 4095 vuud
430 4032 596 4093 ausuchenu
615 4048 718 4093 vusere
740 4030 869 4093 furncme
891 4032 1057 4107 Theologen
1078 4032 1218 4095 durinnen
1242 4034 1320 4095 Ibre·
1332 4032 1502 4095 christliche

331 4138 408 4199 vuud
423 4138 454 4199 in
469 4136 616 4198 Gotlicber
631 4136 738 4199 Scbuift
759 4137 935 4214 ergruudete
960 4138 1128 4201 bedencken
1151 4141 1225 4201 euch
1239 4140 1338 4200 soviell
1353 4140 1502 4215 sngezeigt

331 4243 410 4305 vnud
423 4243 593 4318 dergetbun,
609 4242 667 4303 deii
679 4244 818 4319 gedecbts
838 4234 993 4305 Osicnders
1007 4245 1147 4319 Meinung
1162 4245 1236 4319 Irrig
1250 4244 1329 4303 vnud
1343 4241 1502 4305 veriorisch

331 4351 379 4423 ist,
394 4348 501 4409 welche
515 4348 683 4409 bedenekcn
705 4350 780 4412 such
802 4348 830 4410 S.
848 4349 883 4411 L.
898 4350 1000 4410 bicvor
1021 4350 1203 4424 zugcscbickt
1221 4352 1283 4409 sein
1303 4349 1453 4425 nordeum,
1469 4367 1501 4411 so

331 4456 432 4529 kompt
446 4471 519 4514 runs
535 4453 609 4513 doch
623 4453 679 4528 fur,
695 4454 762 4515 doss
769 4455 798 4515 S.
806 4454 841 4515 L.
858 4454 1010 4517 derselben
1023 4455 1202 4529 vngeechtet,
1219 4454 1283 4517 dess
1296 4455 1502 4515 Osieuderslr·

331 4557 414 4619 tumb
422 4559 567 4635 arbergig
577 4560 649 4634 sein,
660 4558 804 4620 derdurcb
813 4560 892 4621 donn
902 4558 1104 4622 inPreusseuu
1111 4557 1280 4619 thtlichem
1290 4561 1409 4622 Roinem
1417 4562 1503 4622 Wort

330 4664 412 4725 runo
424 4664 489 4726 dem
503 4664 638 4739 Heiligeu
652 4664 826 4741 Evangelio,
842 4666 915 4727 sucb
937 4665 992 4725 den
1007 4663 1213 4739 engerichtenn
1228 4664 1415 4726 Obristlichen
1433 4666 1500 4727 Kir-

330 4768 636 4847 cbeundcssglsicbeu
644 4768 963 4847 uielcuntiottseligonn
971 4786 1072 4845 grosse
1081 4769 1502 4851 wideruertigkeitzerruttung
