3700 5692
982 1708 1034 1787 11.

435 1906 704 1978 pressorum
733 1908 1003 1989 ounemoum
1038 1908 1096 1973 on
1128 1908 1210 1976 suo
1240 1908 1295 1976 nr
1327 1910 1572 1981 nonnarum
1633 1900 1634 1945 ³

824 2013 1022 2082 sonarum
1047 2012 1192 2080 suaso.

948 2134 1073 2221 (rear.)

522 2298 657 2365 Fraetns
679 2314 769 2377 aevo,
792 2299 899 2362 mente
921 2296 1090 2377 languens,
1113 2297 1217 2363 lassus
1241 2299 1447 2379 aegritudine

522 2402 760 2487 Daphnorinus,
785 2421 855 2469 oum
878 2420 1025 2484 soporem
1049 2402 1213 2484 palpebris
1236 2422 1300 2470 nox
1320 2407 1470 2491 pervigil,

523 2527 662 2591 curaque
685 2508 840 2573 insomnis
863 2507 1003 2589 quietern
1028 2507 1206 2589 denegaret
1229 2512 1372 2591 artubus

521 2613 582 2693 his,
604 2613 739 2680 lucerna
761 2617 854 2693 teste,
877 2613 981 2679 coelos
1004 2613 1131 2695 impulit
1154 2616 1310 2697 suspiriis.

491 2735 508 2789 5
564 2718 643 2798 Quis
664 2719 750 2797 milri,
773 2718 888 2802 inquit,
910 2718 1072 2784 haurienti
1094 2719 1175 2785 lucis
1198 2739 1294 2787 auras
1318 2722 1458 2805 adstitit,

521 2829 554 2890 et
576 2825 655 2891 meis
679 2826 792 2907 genius
814 2825 946 2907 iniquus
968 2823 1110 2907 praefuit
1133 2827 1325 2893 cunabulis?
1446 2869 1448 2877 ι
1633 2896 1634 2903 χ

519 2931 590 2997 Non
610 2932 739 3015 quidem
763 2937 827 2996 tom
850 2949 950 2997 saeva
971 2932 1132 3015 quondam
1155 2930 1224 2997 fatu
1240 2937 1424 3016 sortemque
1438 2950 1571 3016 asperam
1633 2918 1634 2925 '

519 3036 669 3104 Phoebus
692 3043 724 3103 et
747 3036 846 3102 sallas
869 3036 1003 3103 dearum
1026 3040 1122 3104 turba
1145 3040 1187 3105 mi
1212 3040 1442 3122 spoponderat,

454 3211 456 3215 ,
523 3160 594 3208 cum
617 3143 675 3208 soli
699 3143 816 3209 natalis
839 3155 927 3223 a‘rva,
951 3161 1078 3227 quaque
1102 3144 1197 3225 vagii,
1222 3145 1349 3211 domum

475 3246 637 3318 menteris
660 3254 786 3314 mutare
808 3248 894 3315 volui
918 3254 1008 3315 trans
1032 3247 1149 3316 fretum
1173 3252 1353 3332 penatibus.

519 3352 580 3417 Illa
603 3355 709 3436 magni
733 3354 820 3420 lama
842 3357 937 3435 regis,
961 3355 1015 3422 illa
1038 3356 1131 3421 sedes
1156 3356 1290 3422 coelicas

522 3458 607 3525 orbis
630 3466 663 3525 et
685 3465 890 3543 transgressa
912 3460 1003 3541 tinea,
1026 3462 1116 3545 larga
1139 3461 1364 3543 munificentia,

407 3618 410 3622 .
521 3581 666 3648 quaeque
689 3585 746 3633 oen
771 3568 859 3633 sidus
884 3566 1045 3633 novellum
1069 3566 1237 3650 fulgurans
1261 3567 1447 3635 recentibus

520 3678 615 3735 aucta
637 3670 735 3736 radiis
758 3673 881 3738 lumina
902 3673 936 3738 in
961 3691 995 3737 se
1018 3678 1160 3739 verterat
1184 3672 1375 3752 mortalium,

475 3793 507 3846 15
520 3774 601 3841 Sora
625 3776 769 3858 celebris,
793 3784 1012 3860 provocarunt
1034 3778 1110 3844 illici
1134 3798 1184 3845 me
1207 3778 1358 3861 praemio.

567 3880 669 3958 Quam
693 3881 746 3947 diu
770 3883 904 3949 robusta
928 3884 1060 3962 sanguis
1083 3901 1189 3965 genua
1212 3888 1244 3949 et
1266 3883 1382 3949 insitus
1405 3884 1494 3950 calor

521 3985 663 4068 integros
685 3984 833 4055 firmabat
856 3994 956 4067 artus,
981 3987 1070 4053 nulla
1094 4007 1145 4054 me
1167 3988 1249 4055 vidit
1271 3988 1340 4054 dies

521 4090 585 4157 otio
609 4096 737 4173 torpere
760 4093 880 4158 inerte:
904 4093 999 4158 Musa
1022 4098 1054 4157 et
1076 4093 1236 4176 ingenuus
1258 4093 1350 4159 labor

520 4196 620 4261 otium
643 4195 735 4264 suere
757 4204 884 4280 gratum
908 4199 1061 4264 dexterae
1086 4197 1215 4266 artificis
1239 4215 1319 4280 opus

475 4304 677 4386 aodoctaque
700 4304 831 4371 insolita
852 4305 996 4386 supellex
1019 4301 1175 4370 fabricatu
1198 4303 1349 4385 indagine

521 4409 689 4491 parvulam
712 4408 797 4475 lasso
821 4411 961 4493 quietem
983 4409 1204 4492 praebuerunt
1226 4409 1357 4491 pectori.

521 4513 614 4579 Nunc
636 4514 691 4580 ubi
715 4534 816 4581 annos
840 4519 1047 4580 antevorteus
1073 4518 1105 4579 et
1129 4514 1224 4579 nimis
1250 4531 1388 4596 praeoox
1411 4526 1495 4576 meas

524 4619 656 4684 abstulit
679 4626 809 4686 senecta
832 4621 917 4686 vires
941 4638 1056 4703 meque
1079 4618 1155 4687 iecit
1177 4620 1328 4700 impotem

524 4719 609 4788 terre
631 4723 785 4804 pristinos
808 4723 945 4804 labores,
969 4742 1049 4808 quos
1072 4724 1205 4790 iuventa
1226 4720 1376 4807 postulat,
