3700 5692
975 728 1109 815 sss·

407 917 539 983 belnum
557 914 690 976 comitem
715 914 752 975 de
773 912 890 974 Nasson
917 919 948 973 ct
968 912 1064 975 neseio
1087 926 1161 987 quos
1179 912 1251 981 ulios
1271 910 1414 973 siburitice
1434 905 1562 971 instructis

414 1025 518 1083 mensis
534 1023 657 1096 excepit.
1387 1084 1389 1091 Ι

504 1129 577 1201 Quis
595 1129 685 1203 igitur
703 1126 881 1186 coloniensis
902 1124 1046 1199 pollicitus
1069 1130 1133 1185 erut
1153 1124 1232 1200 opud
1254 1122 1467 1183 inobsessum
1480 1138 1508 1181 se
1519 1139 1562 1195 pro

412 1235 526 1294 Eubnlo
548 1235 770 1293 intercessurum
791 1237 821 1291 et
835 1248 919 1291 nemo
940 1237 1025 1305 essct,
1042 1232 1092 1304 qui
1105 1232 1230 1291 monitor
1245 1228 1322 1303 opud
1337 1226 1511 1295 Wilhelmnm
1524 1242 1562 1285 co·

412 1342 509 1400 mitem
524 1341 676 1411 existeret,
697 1338 760 1413 ipse
778 1337 902 1410 cogebar
921 1352 967 1395 me
987 1338 1031 1399 bis
1051 1336 1160 1397 deliciis
1179 1336 1339 1395 immiscere
1361 1349 1396 1393 oo
1409 1334 1502 1393 hortos
1513 1333 1564 1405 lpn

413 1462 479 1507 ceos
493 1446 680 1522 perlustrare.
716 1443 807 1515 Quum
822 1443 945 1517 primum
960 1447 1057 1502 sutem
1071 1444 1102 1501 in
1116 1446 1299 1516 conspectum
1313 1439 1458 1501 Wilbelmi
1470 1424 1573 1497 comitis

412 1554 492 1627 veni,
514 1557 592 1611 recte
607 1566 639 1610 se
657 1566 705 1609 ros
727 1548 850 1623 babent,
880 1549 988 1623 inquit,
1025 1564 1092 1607 nem
1111 1550 1252 1622 jamtum
1274 1543 1329 1605 feci
1343 1546 1509 1607 mentionem
1521 1544 1563 1601 tui.

412 1657 483 1716 Post
497 1656 611 1731 repotia
625 1654 824 1715 Atrebatensis
843 1669 888 1713 me
904 1653 1022 1727 alonge
1038 1658 1161 1715 stantem
1176 1651 1276 1712 videns
1298 1649 1412 1711 detecto
1427 1651 1513 1724 cupite
1525 1666 1565 1709 su·

412 1762 490 1835 uuit,
513 1777 547 1820 oc
568 1776 635 1819 mox
654 1758 830 1819 colomemis
850 1758 1088 1834 Atrebatensem,
1122 1756 1312 1833 Aigmoudum
1339 1761 1370 1823 et
1390 1756 1525 1817 dominum
1537 1753 1566 1812 de

413 1867 627 1942 Lyre-seorsim
641 1864 769 1925 abduxit.
807 1866 881 1940 Quid
896 1866 1002 1927 lectum
1017 1866 1055 1923 sit
1070 1869 1198 1938 expecto.
1229 1862 1284 1935 Qui
1299 1862 1405 1937 omniu,
1421 1860 1454 1921 ut
1465 1860 1504 1919 illi
1516 1859 1565 1933 plu

333 1979 335 1981 ’
412 1974 500 2033 citum
514 1977 567 2047 est,
584 1971 717 2045 disponit,
743 1973 773 2031 is'
782 1978 812 2032 et
832 1974 896 2031 brec
909 1974 1025 2046 negotio
1041 1970 1265 2034 misericorditer
1279 1967 1424 2041 moderari
1439 1968 1564 2043 dignetur.

413 2080 515 2140 Amen.

501 2185 542 2259 iiij
563 2164 644 2244 Junii
669 2184 699 2243 in
724 2186 787 2247 sede
806 2184 945 2246 Mauritio
969 2198 1052 2243 suoru
1072 2182 1199 2243 Jounnes
1224 2178 1366 2243 Henricus
1391 2197 1426 2241 ex
1447 2180 1532 2255 cupite
1551 2180 1564 2236 3
1638 2241 1639 2249 ,

413 2294 541 2368 epistole
551 2290 858 2366 udRomunospopulo
868 2290 1000 2366 perelegit
1010 2290 1086 2350 huuc
1095 2292 1217 2349 textum:
1236 2286 1495 2363 »Praesertimcnm
1507 2283 1566 2343 scis·
1638 2296 1639 2299 ’

413 2416 476 2459 mus
489 2404 612 2474 tempus,
629 2397 705 2472 quod
720 2399 921 2473 tempestivum
936 2397 982 2470 sit,
999 2410 1051 2455 uos
1066 2412 1084 2453 s
1097 2409 1201 2455 somno
1214 2394 1383 2467 expergisci.
1413 2392 1493 2451 Nunc
1506 2390 1566 2449 euin

413 2508 531 2581 propius
555 2504 841 2578 odestnobissslus,
858 2508 1032 2578 quamtum,
1054 2517 1117 2559 cum
1138 2500 1345 2559 credebamus«
1362 2502 1418 2558 etc.
1441 2512 1524 2571 usque
1536 2494 1567 2554 sd

413 2610 499 2669 finem
512 2611 623 2685 cepitis.
661 2608 793 2669 Eundem
808 2613 917 2668 textum
936 2586 1169 2667 christianissime
1185 2605 1356 2680 explanans,
1380 2602 1483 2667 docens
1496 2616 1567 2677 quam
1638 2599 1639 2687 l

413 2732 531 2790 prorsus
553 2714 661 2774 nullum
681 2714 765 2787 hujus
787 2714 969 2787 acceptabilis
992 2712 1127 2785 temporis
1147 2710 1288 2770 rationem
1302 2707 1469 2791 habeamus,
1492 2705 1567 2768 uddu-
1638 2702 1639 2713 ’

414 2837 481 2881 oens
500 2820 556 2879 buc
576 2821 639 2879 loos
660 2820 758 2893 eliqua
780 2820 997 2893 scripturorum.
1036 2820 1108 2877 Item
1129 2815 1272 2891 quomodo
1288 2817 1349 2889 jum
1372 2833 1427 2891 per
1448 2814 1569 2875 diutinum
1638 2864 1639 2919 ἰ

414 2932 526 3001 tempus
549 2925 580 2983 in
600 2928 683 2984 nocte
705 2923 1012 2999 upseudodoctoribus
1034 2923 1142 2985 detenti
1161 2923 1248 2982 simus
1268 2926 1297 2981 et
1317 2921 1388 2996 quid
1408 2924 1568 2995 pernoctem

414 3030 639 3105 significaretur,
664 3030 772 3089 scilicet
785 3035 898 3103 tempus
912 3029 997 3103 illud,
1021 3032 1123 3104 inquo
1144 3045 1196 3105 per
1210 3046 1293 3089 omne
1308 3026 1391 3089 nuiss
1403 3028 1567 3093 umbulentes

415 3136 528 3196 diabolo
544 3134 737 3195 obedientiam
751 3136 937 3211 prestitimus
952 3136 1072 3196 necdum
1088 3137 1188 3212 agnita
1200 3137 1264 3195 luce
1278 3136 1446 3211 evangelius
1458 3149 1510 3193 nec
1521 3146 1569 3191 non
1638 3116 1639 3197 ἶ

414 3242 558 3317 agnitione
579 3240 685 3302 Christi
707 3247 838 3302 carentes
858 3240 972 3303 liumus.
1016 3244 1089 3303 Item
1114 3243 1150 3302 de
1174 3248 1302 3301 extremo
1328 3242 1384 3301 boo
1404 3240 1569 3301 tenebrsmm
1638 3312 1639 3337 χ

413 3353 543 3423 tempore
558 3353 588 3407 et
602 3347 679 3421 quod
692 3350 765 3408 bom
779 3350 876 3409 instet.
900 3348 1070 3409 Producens
1082 3348 1241 3423 exemplum
1252 3346 1288 3407 de
1304 3346 1403 3407 decem
1418 3343 1567 3421 uirginibus,

414 3470 535 3516 monens
553 3470 591 3513 ne
609 3455 711 3513 stultus
736 3454 912 3514 imitaremur
935 3454 1109 3529 dormientes
1131 3455 1161 3513 in
1182 3454 1307 3514 adventu
1321 3454 1430 3527 sponsi.
1467 3454 1532 3513 lum
1543 3450 1570 3505 ut

409 3562 471 3635 jem
485 3560 584 3634 ognits
607 3560 729 3619 veritate
745 3549 829 3634 juxto
851 3560 879 3618 d.
896 3559 979 3619 Punli
1001 3561 1200 3636 praescriptum
1223 3574 1312 3633 opero
1332 3560 1513 3619 tenebrarum
1530 3552 1569 3611 de
1638 3596 1639 3655 p

413 3682 583 3740 poneremus
598 3670 628 3724 et
641 3681 722 3725 arma
735 3666 807 3724 lucis
822 3666 1025 3725 indueremus.
1045 3667 1116 3726 Item
1132 3681 1196 3723 oum
1211 3665 1246 3725 de
1266 3666 1342 3725 uitiis
1358 3666 1461 3726 borum
1474 3668 1567 3735 temps
1638 3662 1639 3721 l

330 3783 335 3787 ’
414 3789 478 3832 rum
493 3771 656 3845 dissereret,
673 3772 816 3845 quomodo
832 3788 868 3831 en
883 3772 1022 3832 ebrietate
1037 3778 1174 3847 tunquam
1189 3788 1225 3831 ex
1239 3768 1318 3831 fonte
1333 3773 1389 3831 riui
1404 3776 1499 3831 cetero
1511 3765 1569 3827 vius

414 3878 588 3939 deriventur.
611 3878 657 3937 Ne
671 3882 769 3938 sutem
785 3878 963 3938 Christianos
978 3878 1065 3937 vitum
1086 3880 1215 3952 cynicum
1231 3877 1336 3938 ducere
1351 3878 1425 3937 velle
1440 3875 1566 3937 exutus·

413 3987 507 4057 retur,
532 3984 640 4057 inquit,
662 4000 721 4043 non
742 3984 820 4057 quod
842 3986 995 4045 conuenire
1017 3986 1123 4045 amicos
1138 3990 1189 4043 sut
1203 3984 1325 4046 honeste
1339 3983 1483 4057 symposio
1496 3990 1569 4053 egere

413 4093 561 4163 peccatum
575 4090 628 4162 sit,
651 4105 710 4149 non
730 4090 808 4162 quod
826 4091 925 4149 bibere
940 4096 969 4150 et
983 4090 1133 4151 comedere
1148 4106 1202 4165 pro
1218 4090 1321 4149 delicto
1344 4089 1492 4161 habentur,
1513 4096 1568 4143 num

413 4196 458 4255 his
473 4210 573 4255 carere
595 4194 753 4269 nequimus,
770 4196 823 4255 sed
837 4195 914 4269 quod
927 4197 970 4255 itu
986 4194 1259 4271 potationi-oporam
1273 4194 1388 4269 dumus,
1404 4196 1446 4254 ite
1459 4186 1568 4265 ingluvie

413 4308 444 4362 et
464 4318 543 4362 mero
558 4305 690 4361 ventrem
703 4317 865 4376 oneramus,
889 4306 922 4360 ut
935 4317 1002 4361 mon
1017 4318 1119 4365 orexes
1134 4304 1292 4376 sequuntur
1307 4316 1341 4361 cc
1356 4300 1484 4374 gemitus.
1519 4294 1566 4352 Di*
1638 4284 1639 4289 ἵ

412 4407 480 4487 inde
495 4413 664 4481 queruntur
679 4407 785 4467 onbiliu
796 4409 879 4481 juxte
889 4408 1071 4481 proverbium
1089 4409 1140 4465 »in
1150 4409 1216 4467 vino
1228 4407 1373 4479 luxurio«
1390 4422 1444 4465 nec
1457 4398 1567 4465 honestis

413 4514 580 4588 conjugibus
605 4513 660 4572 nec
683 4514 810 4587 innuptis
826 4513 983 4587 uirginibus
999 4514 1045 4573 vel
1059 4514 1188 4587 parcitur
1202 4514 1248 4573 vel
1264 4530 1332 4571 suns
1346 4512 1468 4573 babetur
1481 4510 1566 4569 bonos.
1638 4540 1639 4555 .

414 4619 476 4691 Qua
490 4619 566 4679 enim
579 4624 665 4678 etate
680 4619 770 4692 magis
784 4618 821 4677 ub
836 4618 1016 4679 helluonibus
1031 4624 1061 4679 et
1075 4619 1264 4717 spurcissimis
1285 4617 1444 4679 hominibus
1458 4612 1567 4684 ursin&

413 4722 520 4783 vitiutae
536 4730 619 4795 sunt,
641 4724 785 4783 adulterio
803 4727 854 4781 sut
868 4727 969 4797 stupra
990 4726 1036 4784 vel
1050 4726 1162 4801 mojona
1176 4724 1222 4783 vel
1237 4724 1322 4799 plur-a
1337 4722 1483 4782 commisse
1495 4728 1567 4792 quum

413 4827 469 4891 boc
488 4829 553 4903 ipss
573 4832 674 4890 nostru
693 4834 782 4889 etate
797 4832 873 4887 suut.
910 4828 995 4889 Adde
1011 4830 1089 4905 quod
1104 4829 1243 4907 ejusmodi
1258 4844 1344 4902 quom
1357 4830 1475 4889 minimo
1491 4833 1566 4900 poenl

1300 4933 1306 4963 l
