3700 5692
829 837 896 908 163

273 1038 306 1084 so
320 1023 430 1085 mundo
444 1038 464 1083 a
478 1020 561 1083 nobis
574 1040 633 1083 non
647 1022 822 1097 posthaberi.
876 1021 1038 1083 Videndum
1060 1028 1156 1083 autem
1171 1023 1255 1087 nobis
1269 1026 1321 1098 est,
1345 1036 1383 1082 ue
1404 1022 1451 1081 hie

269 1132 357 1203 juxta
379 1130 406 1189 d.
423 1130 506 1189 Petri
526 1129 710 1190 monitionem
728 1130 791 1189 bueo
811 1144 830 1190 a
848 1130 955 1191 mundo
979 1128 1017 1191 ub
1040 1130 1197 1204 nequitiam
1223 1132 1352 1189 matram
1369 1128 1450 1202 Justo

273 1236 341 1296 odio
361 1234 443 1310 digni
462 1238 617 1310 patiemur.
661 1236 743 1295 'luno
765 1236 842 1295 enim
861 1252 937 1295 sana
957 1242 987 1295 et
1002 1234 1175 1296 *frustranea
1195 1240 1295 1294 uostm
1315 1233 1449 1307 gloriatio

273 1340 358 1403 foret
398 1341 456 1402 Sed
470 1358 601 1416 quaerere
616 1342 759 1417 quispiam
778 1344 892 1416 posset,
908 1356 973 1399 oum
989 1338 1119 1401 Christus
1134 1340 1213 1415 dioit,
1238 1338 1378 1398 »mundus
1397 1353 1449 1397 vos

274 1448 368 1525 odit«,
384 1464 423 1509 au
436 1447 493 1511 boo
507 1448 584 1509 dieto
598 1448 684 1509 edam
698 1449 767 1507 velit
779 1445 929 1521 pontifioes
944 1452 974 1507 et
988 1430 1139 1523 optimates
1154 1445 1251 1507 mundi
1266 1446 1319 1506 sub
1333 1444 1449 1504 nomino

273 1554 374 1615 mundi
394 1553 534 1614 oonoludi.
551 1610 555 1617 ,
572 1552 758 1629 Respondeo,
784 1552 982 1615 meretricibus
1002 1559 1031 1613 st
1052 1554 1211 1629 publicanis
1239 1548 1448 1626 quodammodo

275 1660 377 1719 melius
392 1675 457 1721 oum
471 1657 587 1719 christo
602 1660 781 1734 conuenisse,
804 1676 839 1719 eo
855 1660 932 1733 quod
952 1660 1007 1719 hoo
1021 1649 1166 1721 hominum
1181 1674 1271 1734 genus
1285 1662 1315 1717 et
1329 1663 1449 1733 peecata

275 1781 329 1824 sua
342 1770 374 1825 et
386 1764 528 1825 medeam
546 1766 705 1825 animarum
727 1774 845 1825 suarum
859 1764 1004 1827 Christum
1027 1766 1109 1827 eitius
1124 1767 1288 1841 agnoverit,
1309 1764 1450 1825 Pharisaei

275 1884 344 1929 vero
359 1874 391 1929 et
403 1884 539 1945 proceres
549 1871 659 1944 judaiei
673 1873 855 1945 aperdssim
876 1870 945 1933 odio
959 1871 1036 1929 huno
1049 1874 1195 1946 prosecuti
1210 1878 1290 1947 sunt,
1315 1877 1348 1930 ut
1362 1871 1449 1931 etiam

277 1974 455 2049 evangelista
468 1975 598 2049 Joamses
612 1976 650 2037 de
664 1976 761 2039 Pilato
775 1978 888 2038 ethnioo
903 1976 1019 2050 dixerit,
1040 1976 1133 2037 solens
1148 1976 1362 2051 quodpropter
1375 1975 1448 2034 inri-

215 2110 219 2115 ‚
277 2080 356 2140 dlam
369 2080 559 2144 tradidissent
572 2098 646 2143 eum.
684 2084 756 2143 Hae
768 2084 858 2158 igitur
872 2084 1009 2157 solentes,
1033 2082 1075 2141 eit
1088 2081 1250 2155 Musonius,
1273 2082 1383 2139 animos
1398 2095 1449 2138 no·

276 2189 354 2245 sirus
368 2183 564 2261 obfirmemus,
589 2204 654 2247 eum
667 2189 730 2248 haee
743 2190 897 2265 apostolis,
917 2186 1105 2262 patriarchis,
1125 2185 1273 2261 prophetis
1287 2191 1319 2245 et
1332 2185 1449 2245 domino

275 2290 330 2364 51¹⁹i
346 2288 462 2374 (311ῐὶ810
480 2290 653 2369 wilisiarius,
675 2294 875 2369 malignando
897 2295 978 2355 etin
1000 2299 1129 2354 nostrum
1151 2294 1245 2351 sinum
1259 2288 1389 2365 influant,
1411 2306 1454 2350 ns

277 2410 354 2470 agre
368 2394 424 2455 hoo
437 2395 573 2473 lersmus,
588 2399 642 2459 sed
655 2418 735 2477 eum,
759 2404 808 2476 qui
822 2417 876 2461 nos
889 2402 970 2476 prius
986 2400 1073 2473 eleg't
1086 2406 1117 2459 et
1131 2414 1216 2472 quem
1230 2398 1353 2457 mundus
1367 2396 1449 2471 prius

275 2500 342 2561 odio
355 2500 465 2576 mouit,
475 2502 627 2579 imitemur,
638 2506 832 2567 obedientiam
845 2507 888 2566 illi
902 2510 1072 2581 prestamus
1088 2513 1118 2565 et
1128 2503 1287 2565 aeonlessa
1301 2502 1390 2563 semel
1399 2518 1447 2561 ve·

275 2608 362 2667 ritate
385 2622 444 2666 non
466 2608 644 2687 residamus,
672 2612 749 2685 quod
767 2613 850 2674 uobis
873 2612 972 2675 faveat
996 2612 1066 2673 deus
1090 2617 1174 2687 pater
1185 2618 1247 2686 'per
1263 2606 1449 2669 filium'suum

277 2712 387 2774 laum
407 2712 510 2773 Amen.

366 2817 479 2879 Eadem
500 2820 685 2881 Wilhelmum
706 2797 838 2883 sonitem
857 2841 876 2882 a
897 2824 1012 2887 Nasson
1036 2824 1067 2882 in
1088 2823 1213 2898 hospitio
1243 2820 1451 2894 archiepiscopi
1563 2866 1571 2875 .

279 2923 457 2987 colomensis
477 2926 595 2990 allocuti
609 2944 720 3003 sumus,
746 2930 796 3002 qui
818 2931 861 2989 ait
879 2947 911 2991 se
925 2929 1172 3004 archiepiscopum
1191 2928 1284 2988 nostri
1299 2942 1368 3000 ergo
1384 2939 1450 2983 eon-

269 3031 456 3111 .renisse,‚et
476 3031 519 3090 illi
533 3049 592 3093 nou
606 3037 713 3108 praeter
727 3050 790 3093 rem
808 3034 914 3110 rideri,
938 3038 963 3096 si
985 3036 1024 3096 ad
1044 3034 1199 3112 prandium
1219 3033 1357 3107 adessem,
1381 3047 1449 3091 nem

278 3139 371 3213 ipsum
391 3154 506 3212 quoque
526 3155 561 3198 eo
580 3138 717 3200 futurum.
762 3139 891 3209 Prandio
911 3141 1001 3214 igitur
1021 3140 1197 3201 coloniensis
1220 3116 1365 3215 praeeipue
1386 3139 1448 3212 sius

280 3260 386 3305 mensus
406 3242 574 3305 assidebant
588 3245 677 3306 abbas
692 3263 711 3305 a
725 3245 929 3320 weingarten,
946 3244 1092 3321 (letricus,
1118 3245 1297 3319 Wilhelmus,
1322 3261 1449 3305 comesa

279 3350 404 3425 Nasson,
419 3349 566 3425 Eubulus,
589 3350 658 3411 Otto
671 3365 765 3410 eomes
780 3367 799 3409 a
813 3350 1017 3425 Sohaumberg,
1039 3350 1210 3410 chunradus
1224 3344 1450 3423 aBsuneburglr

278 3454 667 3532 equesbaroasmonberg,
679 3458 728 3531 qui
736 3458 929 3517 marsehaleus
939 3457 1054 3519 caesaris
1070 3456 1183 3530 dieitur,
1193 3456 1276 3516 Vltus
1286 3472 1304 3515 a
1313 3454 1447 3527 Velberg.

363 3562 395 3621 A
408 3562 531 3638 prandio
550 3562 604 3623 der
628 3563 764 3623 subillioh
784 3564 870 3623 Bilek
889 3563 1073 3638 provinoialis
1096 3562 1316 3623 Carmelitarum
1337 3558 1376 3619 ad
1391 3566 1450 3619 'nos

279 3670 366 3743 uenit,
383 3669 575 3744 interrogans,
591 3669 722 3741 nunquid
736 3686 782 3729 me
796 3670 961 3730 Ratisbonae
976 3669 1104 3729 vidisset.
1141 3668 1239 3727 Primo
1254 3664 1391 3740 respondi
1404 3679 1450 3722 me

280 3776 409 3847 sasire,
432 3780 620 3847 posteaquam
639 3780 735 3835 autem
755 3792 821 3835 eum
835 3754 940 3849 urgere
954 3775 1068 3849 audivi,
1092 3790 1188 3835 annon
1202 3771 1448 3846 colloquio'inter-

278 3879 406 3954 sanaem,
421 3881 572 3956 respondi:
589 3881 621 3941 Si
634 3887 667 3941 tu
681 3882 776 3941 seille
790 3884 906 3956 iniquus
920 3896 1021 3954 aequus
1037 3880 1135 3957 (elusi
1149 3881 1224 3951 enim
1239 3879 1277 3941 ad
1292 3892 1450 3952 cognomen

280 3983 354 4061 ejus)
376 3984 421 4045 lui
434 3987 502 4062 istie
514 3991 543 4047 et
556 3993 586 4046 te
600 4002 714 4061 quoque
728 3988 799 4062 ridi,
822 4004 876 4047 neo
895 3986 1007 4061 abnego
1022 4002 1068 4045 mo
1090 3986 1196 4047 ibidem
1209 3986 1307 4061 fuisse,
1324 3998 1377 4044 noo
1390 3999 1451 4059 pss-

279 4092 360 4151 nitet
383 4091 526 4151 Bilolrium
548 4094 849 4168 auteminterrogsui,
866 4092 1028 4167 drideret,
1052 4092 1129 4166 quod
1148 4093 1233 4153 modo
1254 4106 1350 4153 moses
1366 4091 1451 4161 esset,

279 4212 344 4257 oum
357 4196 525 4257 Ratisbonae
543 4197 647 4257 obesus
661 4196 805 4275 luerit„et
818 4214 894 4259 nuno
906 4204 984 4259 totus
998 4205 1073 4274 ator,
1089 4214 1153 4259 oum
1167 4203 1235 4258 tone
1250 4199 1340 4270 nigrae
1355 4194 1450 4253 ououl·

279 4304 315 4361 lae
329 4302 484 4363 madidam
497 4302 666 4364 chlamidem
680 4304 932 4376 superinduxerit?
966 4305 1127 4379 Respondit
1141 4320 1172 4363 ss
1186 4318 1262 4365 nuno
1275 4302 1306 4360 in
1321 4299 1449 4374 peregri·

279 4410 401 4474 natione
412 4424 476 4469 mse
490 4414 522 4469 st
534 4424 594 4469 non
607 4408 701 4469 solere
712 4409 835 4489 candido
845 4412 955 4485 vestim,
966 4411 1022 4469 uisi
1034 4391 1066 4469 in
1081 4408 1260 4483 gravioribus
1274 4408 1449 4465 versaretur.

279 4514 340 4576 Sed
357 4520 515 4589 mequam
533 4530 628 4575 sermo
651 4516 727 4575 inter
747 4529 802 4575 nos
820 4516 939 4590 longius,
958 4515 1196 4591 progrederetur,
1221 4516 1334 4571 mature
1355 4525 1453 4571 eomes

279 4620 452 4681 Wilbelmus
466 4622 631 4681 missionem
644 4619 683 4683 ab
698 4622 832 4696 episeopo
846 4622 941 4697 petiit,
961 4636 1046 4694 quem
1067 4617 1330 4691 oeiussubsequuti
1344 4632 1450 4677 sumus.
1528 4604 1533 4612 “

278 4726 366 4790 lluue
384 4726 541 4801 honorem,
572 4742 636 4787 uum
657 4739 704 4787 me
726 4726 893 4799 adprensa
915 4723 1076 4802 pontificias
1099 4722 1301 4799 celeiaeerem,
1323 4729 1384 4783 tum
1406 4736 1451 4783 rs·

277 4834 403 4906 porum

369 4937 527 5003 omnnem
549 4944 580 4999 et
592 4939 753 5001 Emesturo
767 4939 898 5001 oomitssu
911 4953 932 4999 a
946 4934 1155 5010 dobauubsrg,
1169 4933 1276 4998 naues
1296 4948 1460 5011 garmanos.

1163 5044 1201 5100 ll
1220 5037 1236 5075 ¹⁸
