3700 5692
857 740 925 814 209

303 921 342 982 ob
356 922 541 999 depredatos
559 923 706 998 Hispanos
730 922 775 982 vel
797 922 894 995 potius
914 922 994 996 quod
1008 928 1155 997 perpetuae
1169 925 1356 999 predationis
1371 925 1407 986 ab
1421 925 1475 985 Hi·

304 1028 405 1102 spunis
420 1027 575 1088 vindictum
588 1043 701 1087 sumere
715 1027 867 1102 volebant,
886 1030 958 1087 rotis
974 1030 1085 1089 contusi
1099 1036 1182 1105 sunt,
1199 1034 1419 1106 necquicquam
1433 1032 1477 1091 in·-

304 1134 509 1193 dnmeutornm
531 1134 588 1192 illia
609 1130 739 1193 carnifex
761 1134 919 1207 reliquerat
942 1140 1049 1209 prseter
1063 1132 1210 1195 femoralia
1224 1137 1272 1196 vix
1287 1136 1421 1211 pudenda
1436 1142 1478 1197 te·

302 1240 414 1313 gentis,
429 1243 537 1314 praeter
553 1255 665 1299 omnem
680 1237 842 1299 Germaniae
857 1256 967 1300 morem
982 1246 1011 1300 et
1025 1240 1144 1314 pudoris
1156 1242 1233 1316 jura.

393 1344 463 1403 Non
477 1344 578 1420 procul
593 1361 611 1404 a
625 1344 831 1419 weissenburg
846 1346 961 1405 obviam
975 1346 1057 1407 uobis
1071 1344 1106 1405 fit
1120 1346 1211 1408 Wolff
1222 1347 1392 1407 Brabender
1406 1364 1478 1407 nun·

302 1451 365 1509 cius
390 1464 539 1525 novercae,
570 1451 663 1509 nullas
689 1466 759 1510 vero
784 1449 867 1511 nobis
894 1452 1006 1512 litteras
1031 1450 1162 1513 afferens.
1208 1453 1426 1528 Weissenburgi
1447 1454 1478 1516 in

302 1556 447 1629 superiori
460 1555 655 1629 hybernaculo
670 1558 773 1630 parieti
788 1556 842 1617 hoc
857 1558 1000 1618 distichon
1016 1558 1185 1633 inscriptum
1199 1559 1329 1633 legimus,
1346 1562 1379 1618 ut
1393 1559 1476 1618 nobis

302 1659 458 1721 videbatur
471 1662 503 1719 iu
517 1660 725 1735 mitigationem
740 1663 848 1723 doloris
862 1666 962 1739 optimi
983 1666 1062 1725 ducis
1077 1665 1201 1726 loannis
1212 1664 1362 1725 Friderici.

554 1779 578 1829 G
597 1778 624 1827 Η
642 1778 841 1847 Sybenbargiua
860 1783 888 1833 K·
904 1782 931 1833 S.

518 1865 609 1917 Perfer
626 1873 652 1918 et
670 1868 777 1933 obdura,
797 1869 870 1921 dolor
888 1869 911 1920 is
931 1869 980 1920 tibi
997 1870 1113 1937 proderit
1131 1872 1203 1936 olim,

549 1954 650 2005 Rursus
668 1958 739 2008 euim
758 1958 862 2010 Christo
882 1956 986 2008 vindice
1005 1958 1089 2009 victor
1108 1960 1169 2011 eris.

395 2080 615 2157 Weissenburgi
633 2089 785 2158 cognatum
808 2088 937 2143 nostrum
952 2100 971 2141 a
985 2083 1147 2158 asenberg,
1169 2084 1219 2157 qui
1241 2084 1271 2141 in
1286 2082 1365 2143 aliud
1379 2082 1476 2158 hospi·

301 2188 376 2247 tium
396 2186 571 2262 diverterat,
595 2205 679 2248 ooena
699 2191 870 2263 excepimus.
909 2189 1055 2263 Hospitati
1074 2206 1127 2249 nos
1146 2205 1243 2249 sumus
1266 2187 1344 2261 apud
1358 2188 1477 2247 Petrum

301 2290 398 2366 Edon,
414 2293 464 2365 qui
478 2296 654 2355 tamensem
669 2293 723 2353 sub
738 2300 850 2354 noctem
866 2295 982 2355 domum
1000 2310 1133 2355 reversus
1148 2299 1201 2353 est.
1240 2292 1417 2354 conventum
1433 2296 1478 2353 est

301 2399 381 2461 inter
395 2412 442 2457 me
458 2403 488 2456 et
502 2405 665 2475 cognatum,
680 2406 713 2460 ιι
726 2417 786 2459 ιιι
799 2400 1020 2476 Norimbergam
1034 2405 1208 2474 peteremus.

393 2503 601 2580 Weissenburg
621 2506 699 2566 inter
719 2507 835 2567 tertiam
857 2487 1039 2580 aequoream
1065 2506 1152 2566 horas
1177 2505 1362 2565 antelucanas
1387 2519 1475 2579 equos

302 2609 535 2685 conscendimus,
564 2610 775 2687 Nor-inbergam
801 2627 871 2672 vero
898 2614 974 2671 eirca
998 2614 1119 2688 primam
1148 2610 1372 2684 pomeridianam
1394 2610 1478 2683 parvi

302 2715 447 2791 horologii
461 2719 652 2791 pervenimus.
683 2719 717 2777 In
733 2719 815 2778 domo
831 2717 963 2779 Cerbana
978 2720 1082 2791 parieti
1104 2717 1260 2792 ascriptum
1280 2720 1358 2776 erat:
1380 2714 1477 2777 Otium

302 2821 441 2895 pulvinar
456 2820 600 2884 sathane.

396 2925 497 2988 Comes
516 2944 534 2987 a
554 2928 702 3004 Rethherg
721 2936 817 2990 autem
839 2937 868 2991 et
888 2948 942 3005 ego
958 2932 1051 3006 jejuni
1075 2927 1321 3003 aWeissenburg
1343 2926 1474 2987 abiimus.

303 3033 379 3106 Quia
400 3033 488 3108 igitur
509 3034 699 3109 Norinbergae
718 3053 856 3111 pransum
877 3042 955 3112 eret,
985 3036 1065 3097 horae
1090 3036 1173 3110 qnasi
1203 3036 1267 3095 duae
1291 3032 1476 3109 expectandae

304 3145 390 3198 erant
404 3125 558 3214 autequam
572 3142 691 3201 latranti
705 3141 851 3200 stomacho
865 3140 1050 3201 mederetur:
1062 3143 1169 3201 Missus
1184 3148 1281 3201 autem
1296 3141 1356 3199 sive
1371 3140 1475 3215 epulae,

302 3262 377 3320 quos
391 3245 496 3319 hospes
510 3248 660 3321 apposuit,
682 3246 824 3319 bierunt,
847 3261 922 3322 novo
945 3252 978 3305 ut
991 3247 1074 3305 uobis
1089 3246 1241 3307 videbatur
1260 3262 1353 3306 more:
1378 3246 1475 3305 Primo

302 3353 403 3411 cancri
416 3356 490 3412 cocti
504 3352 650 3411 irritantes
665 3354 755 3427 magis
770 3350 866 3411 famen
880 3368 965 3425 quam
980 3350 1123 3412 sedantes.
1147 3350 1260 3410 Deinde
1271 3351 1343 3425 pulli
1353 3350 1473 3425 gallina-

303 3458 348 3515 cei
370 3457 409 3516 ad
427 3459 523 3533 ignem
542 3458 661 3517 tostici
684 3458 846 3517 semicrudi.
884 3458 1034 3516 Postremo
1050 3472 1165 3531 caseus,
1190 3471 1290 3517 cerasa
1310 3462 1340 3515 et
1362 3454 1474 3528 siliquae

301 3563 433 3637 pisorum
454 3580 517 3621 cum
537 3564 633 3624 herbis
653 3570 683 3623 et
702 3564 838 3623 stramine
859 3568 892 3621 nt
914 3580 931 3621 e
950 3570 1029 3623 terra
1047 3567 1137 3621 erutae
1161 3565 1258 3637 erant,
1281 3565 1310 3620 et
1328 3559 1359 3619 id
1379 3562 1474 3635 ipsum

302 3667 520 3743 Norinhcrgicis
535 3670 653 3729 solenne
667 3668 787 3729 bellaria
801 3670 843 3728 ita
857 3684 1004 3744 apponere
1020 3672 1074 3727 etc.

393 3773 524 3835 Eubulus
543 3780 639 3835 autem
658 3792 725 3835 mox
748 3791 879 3835 amensa
898 3790 1073 3848 consurgens
1089 3774 1214 3833 animum
1229 3788 1342 3848 quoque
1356 3787 1474 3845 pascere

302 3879 421 3952 cupiens
436 3885 580 3953 assumpto
595 3878 753 3940 Etzdorffio
769 3881 846 3940 aedes
861 3881 921 3939 Viti
935 3880 1027 3954 petiit.
1052 3879 1108 3951 Qui
1121 3885 1153 3938 ut
1168 3878 1290 3953 primum
1306 3894 1357 3937 uos
1373 3876 1475 3937 adesse

301 3984 424 4059 audivit,
435 3986 519 4059 iubet
539 4002 657 4045 uxorem
680 3990 713 4044 ut
734 4003 786 4045 nos
802 3986 839 4044 ad
854 3987 947 4060 ipsum
962 3984 1039 4043 iutra
1054 3984 1213 4044 cubiculum
1229 3984 1356 4044 duceret.
1396 3981 1475 4056 Opti·

302 4106 383 4149 mum
397 4096 492 4150 antem
506 4093 600 4151 virum
613 4092 688 4152 lecto
704 4092 853 4152 cubantem
868 4107 921 4150 nec
935 4106 1051 4149 manum
1065 4106 1119 4150 nec
1133 4090 1235 4165 pedem
1250 4106 1364 4149 movere
1377 4088 1475 4149 valen·

301 4199 361 4254 tem
378 4211 413 4255 ac
426 4195 611 4257 sufferentem
625 4199 768 4257 cruciatus
787 4196 849 4255 fere
864 4196 988 4255 omnium
1004 4194 1168 4255 morborum
1182 4197 1287 4270 reperi.
1325 4194 1398 4253 Post
1411 4209 1472 4250 mu·

301 4307 369 4361 tuas
384 4302 572 4362 salutctioues
587 4303 623 4363 de
637 4304 725 4363 variis
745 4301 920 4362 confabulati
943 4317 1049 4359 sumus.
1087 4300 1289 4373 Interrogavit,
1306 4313 1428 4371 quonam
1443 4298 1473 4355 in
1506 4340 1509 4347 .

302 4411 381 4465 statu
395 4423 444 4466 res
458 4413 565 4466 nostrae
580 4408 717 4483 Augustae
732 4407 865 4483 inissent,
888 4406 923 4466 de
946 4407 1048 4480 quibus
1063 4405 1206 4465 homiuem
1222 4404 1262 4461 nil
1277 4402 1380 4475 celavi,
1404 4402 1474 4476 quin

302 4518 334 4572 et
348 4513 466 4587 insuper
480 4514 576 4587 retuli,
592 4530 656 4587 quae
672 4514 804 4589 Werdae,
828 4515 894 4574 dnm
909 4514 967 4571 illio
982 4512 1101 4585 fuimus,
1125 4517 1190 4569 acta
1204 4510 1262 4570 sint
1276 4515 1305 4569 et
1320 4508 1355 4568 de
1371 4506 1474 4583 quibus

302 4634 369 4678 cum
383 4618 511 4679 Martino
527 4617 641 4678 Caesare
656 4618 882 4679 contulissemus.
920 4620 993 4678 Item
1016 4617 1059 4676 illi
1080 4616 1210 4692 diximus,
1226 4614 1331 4677 famam
1345 4629 1475 4689 sparsam

302 4700 377 4799 esse,
384 4724 509 4785 Noricos
519 4726 637 4785 interim
651 4723 723 4783 illud
737 4725 902 4785 interimens
913 4721 1090 4798 approbasse
1104 4738 1139 4782 ac
1153 4723 1320 4796 suscepisse.
1344 4721 1475 4795 Respon-

303 4831 348 4891 dit
360 4831 502 4913 ingenue:
526 4832 637 4903 Verum,
648 4833 701 4905 est,
717 4830 865 4903 suspirans
881 4846 916 4889 ac
930 4828 1012 4904 quasi
1026 4828 1267 4903 lacrymabundus
1283 4832 1312 4887 et
1326 4826 1409 4886 simul
1423 4825 1473 4901 ait,

347 4956 466 5002 women
891 4942 894 4945 ’
1125 4944 1131 4950 ·
1220 4936 1261 4995 14
1380 4932 1382 4936 ’
