3700 5692
879 722 924 791 ω
933 734 936 741 ¹

937 751 939 759 r

314 898 505 980 quiireetum
525 901 662 979 aderunt,
686 920 826 979 purgare,
849 920 905 980 quo
924 908 1017 982 magis
1033 904 1130 971 ierant
1150 905 1274 975 fructum
1295 912 1488 989 vitedifflum

313 1016 369 1071 ero.
400 1009 441 1070 Et
459 1014 525 1084 post
537 1010 791 1071 luculentissimam
804 1011 908 1073 barum
927 1024 1024 1073 rerum
1038 1012 1259 1075 declarationem
1272 1018 1371 1093 jussit,
1395 1019 1489 1087 Deum

312 1121 428 1192 patrem
447 1116 555 1176 domiui
573 1122 604 1176 et
615 1115 780 1177 liberatoris
794 1117 887 1177 nostri
900 1117 972 1177 Jesu
988 1117 1095 1179 Christi
1109 1134 1265 1196 oraremus,
1281 1127 1314 1183 ut
1327 1124 1489 1201 benigniter

314 1220 399 1284 nobis
412 1220 578 1298 largiretur,
598 1221 665 1281 buic
678 1236 755 1281 verer
770 1221 823 1281 viti
836 1236 889 1285 nos
903 1222 1000 1297 inseri,
1024 1239 1061 1282 ne
1076 1240 1134 1297 quo
1148 1226 1221 1287 alias
1236 1226 1486 1307 degeneras-emur,

313 1333 404 1401 utque
417 1327 450 1385 in
461 1325 519 1413 bac
532 1327 591 1385 rite
610 1325 733 1386 ductum
751 1323 876 1387 ieramus
896 1327 1023 1403 dignum,
1047 1330 1227 1391 consecuturi
1246 1346 1299 1406 per
1322 1348 1386 1397 eam
1401 1336 1487 1400 utem

313 1437 462 1493 eternam.
493 1431 579 1503 Quod
591 1428 652 1491 fiet.
682 1430 783 1491 Amen.
1227 1416 1231 1421 ’

402 1536 583 1598 vocabamur
600 1555 621 1598 a
638 1538 741 1597 comite
758 1536 946 1612 Retbbergio,
968 1543 1001 1597 ut
1020 1538 1094 1601 benc
1112 1541 1276 1601 concionem
1296 1546 1396 1617 postes
1418 1559 1483 1611 eon·

313 1640 441 1703 scribere
463 1648 530 1717 post
550 1643 747 1718 perturbatam
769 1644 936 1704 memoriam
960 1660 1019 1705 non
1041 1660 1196 1718 possemus.
1236 1646 1323 1723 Apud
1345 1648 1486 1713 Retbbar·

311 1750 391 1823 gium
405 1748 540 1825 &tomam
557 1764 672 1823 quoque
687 1748 724 1809 de
739 1730 1112 1825 Berckenleldreperiruus.
1470 1809 1474 1817 .

400 1854 512 1915 Eadem
525 1855 650 1916 maxima
664 1853 806 1915 adornata
819 1852 982 1915 funebrium
995 1872 1102 1931 pompa
1116 1872 1170 1916 uec
1185 1857 1275 1932 digna
1285 1860 1370 1933 hrrjus
1382 1876 1495 1923 narra-s

311 1961 391 2020 done
406 1974 549 2034 papyrum
561 1956 682 2019 meare.
713 1960 771 2021 Sed
784 1962 860 2036 proh
879 1966 1019 2036 tempora,
1043 1961 1114 2036 phui
1133 1961 1277 2023 bominum
1297 1963 1485 2027 effoeminatos

310 2066 438 2125 mentes!
461 2063 565 2125 accidit
583 2066 650 2125 hnic
668 2066 775 2128 actioni
788 2081 887 2126 omues
906 2068 1029 2127 novitios
1045 2067 1183 2127 electores
1202 2066 1374 2144 interfuisse,
1398 2076 1429 2130 et
1441 2072 1484 2132 in·
1506 2102 1509 2111 a

311 2175 357 2229 ter
374 2169 428 2229 boa
447 2169 534 2229 etim
552 2169 725 2231 christinam
744 2161 903 2247 principem
922 2172 1061 2231 ciconiam
1079 2172 1155 2232 inter
1174 2188 1260 2247 grues
1281 2174 1388 2234 intuitu
1407 2176 1484 2251 regis

310 2273 491 2335 Fordinandi
509 2291 611 2350 agrum
631 2276 738 2337 domini
750 2282 866 2337 vastare
880 2278 971 2337 visam
986 2292 1058 2337 esse.
1091 2276 1168 2351 Huc,
1189 2278 1261 2352 huc,
1278 2278 1409 2355 inquam,
1432 2280 1484 2341 mi·

309 2396 378 2441 aare
392 2379 547 2441 Germania
558 2382 671 2442 recidit.
694 2382 735 2442 At
749 2382 800 2456 qui
813 2382 881 2441 olim
895 2398 927 2440 se
946 2396 1081 2457 proceres
1095 2382 1242 2457 religionis
1257 2390 1364 2445 nostres
1378 2385 1483 2459 gloria·

309 2487 432 2561 bantur,
451 2502 528 2545 nunc
548 2504 636 2562 super
650 2488 722 2548 ollas
737 2489 866 2548 carmem
880 2487 1007 2562 Aegypti
1025 2488 1176 2564 accubent,
1201 2504 1238 2549 ne
1251 2490 1405 2550 mutientes
1419 2491 1481 2566 qui·

308 2592 375 2653 dem
388 2598 491 2653 conns
509 2610 603 2667 omne,
626 2594 705 2667 quod
722 2593 900 2653 Antichristo
920 2598 952 2653 et
970 2594 1029 2653 suis
1048 2594 1154 2669 placet,
1177 2594 1259 2655 brari
1278 2610 1377 2655 omnes
1397 2596 1482 2657 clitus

308 2699 420 2759 ventris
433 2680 488 2773 sui,
507 2700 592 2773 joma
606 2699 776 2774 Lutberum,
798 2716 853 2773 pro
867 2700 1052 2760 suaveolente
1068 2700 1231 2759 amaraduo
1246 2700 1410 2763 adorantes.
1431 2754 1433 2761 ,

397 2804 555 2879 Memento,
571 2802 694 2879 domine,
715 2806 821 2879 muers,
845 2821 932 2878 quam
947 2822 983 2865 ex
996 2805 1130 2880 Aegypto
1145 2804 1298 2881 adduxisti,
1319 2812 1349 2867 et
1368 2808 1482 2885 extirpa

306 2926 422 2971 omnem
440 2910 588 2984 palmitem
607 2925 667 2970 uon
684 2907 824 2982 terentem
836 2909 961 2971 fructum
975 2911 1059 2985 inte,
1083 2910 1178 2984 daque
1193 2910 1276 2971 nobis
1290 2912 1321 2971 in
1336 2912 1482 2987 sgmnoue

306 3012 362 3075 lilii
374 3016 419 3073 tui
432 3015 609 3076 dilecdssnni
622 3013 706 3075 firma
717 3014 777 3078 fide
789 3016 945 3090 persistere
959 3022 991 3076 et
1004 3016 1065 3091 ejus
1079 3016 1167 3077 uerbo
1183 3014 1480 3089 fideliteradbaerere.

397 3120 432 3179 ln
445 3118 587 3180 hodierna
600 3136 654 3179 suu
668 3121 803 3181 concione
817 3121 966 3180 Musonius
981 3137 1033 3180 nos
1048 3124 1207 3182 orationem
1226 3138 1279 3195 pro
1296 3122 1480 3197 imperatore,

306 3241 377 3301 rege
392 3229 423 3284 et
435 3225 567 3285 omuibus
580 3226 793 3301 magistratibm
806 3223 957 3286 intendere
969 3226 1064 3300 jussit,
1088 3242 1146 3299 quo
1160 3228 1191 3285 in
1209 3226 1280 3287 Jesu
1300 3226 1482 3289 Obristo'riti

306 3348 377 3391 varo
390 3337 601 3405 permanerent,
617 3335 647 3391 et
661 3348 699 3391 ne
713 3330 783 3405 quid
797 3335 967 3405 statuerent,
992 3329 1069 3403 quod
1082 3330 1229 3389 labruscas
1244 3335 1369 3406 saperet.
1399 3331 1479 3393 Alio.-

303 3436 378 3510 puin
392 3441 423 3495 et
436 3441 551 3510 putrem
563 3438 720 3511 agricolum
731 3419 786 3496 bos
800 3452 915 3510 quoque
930 3440 1151 3511 amputaturum.
1175 3434 1259 3507 Quod
1272 3434 1479 3509 ipsemetDeus

304 3542 533 3602 misericorditer
547 3547 669 3602 auertat.
699 3542 801 3603 Amen.
1066 3596 1068 3601 .

395 3646 501 3706 Ericus
514 3646 696 3722 Brunsvigim
714 3648 776 3724 dup
792 3651 860 3709 ante
878 3646 1006 3707 triduum
1024 3645 1063 3705 ad
1083 3643 1186 3705 balnea
1204 3646 1235 3703 in
1255 3644 1339 3705 limas
1353 3644 1394 3705 ibi
1408 3660 1478 3707 uxo·

304 3768 369 3813 rem
387 3757 591 3826 expectaturus
611 3752 678 3812 bine
695 3752 775 3814 abiit.
813 3753 914 3813 Eunus
936 3767 1013 3811 vouu
1033 3748 1200 3823 Rutbingeu
1219 3750 1270 3809 dos
1291 3747 1479 3812 Oburidrsten

305 3858 538 3941 Wacbt‘meister.
1003 3892 1008 3901 ·
1463 3912 1465 3917 ,

372 3986 389 4031 3
397 3962 456 4023 Sub
469 3964 541 4039 ipsis
555 3964 660 4039 vigiliis
677 3966 762 4023 aua
775 3963 852 4024 aeris
870 3963 1055 4038 intemperies
1076 3969 1149 4036 erat,
1172 3960 1258 4023 mode
1278 3956 1479 4035 mugientibus,

304 4085 382 4132 nunc
397 4066 534 4129 tlanbbus
548 4069 635 4143 euris,
658 4084 734 4127 nuuc
751 4084 866 4128 rursum
880 4067 966 4129 Geeia
984 4072 1071 4131 vento
1091 4066 1220 4127 turbines
1241 4073 1271 4127 et
1288 4066 1401 4140 pluries
1420 4080 1480 4127 mo

304 4179 405 4248 sanim
423 4174 469 4244 ,ed
481 4172 513 4232 id
526 4173 557 4233 iu
572 4174 714 4234 dominico
722 4172 897 4247 -Augustano
911 4174 1052 4233 excitatus
1066 4174 1213 4247 tumultus,
1232 4177 1265 4233 ut
1279 4172 1398 4247 credere
1412 4184 1478 4243 pos·

301 4296 352 4345 aas
365 4281 431 4354 ipsa
452 4278 595 4339 elementa
612 4280 727 4353 asan,
750 4280 803 4339 bas
817 4294 937 4353 pompas
951 4278 1065 4339 domiuo
1080 4276 1307 4339 abominationes
1322 4290 1395 4335 esse.
1436 4348 1438 4353 Ι
1464 4282 1466 4287 ’

394 4384 510 4446 Eadem
522 4385 554 4443 in
567 4400 655 4445 cansa
668 4390 769 4445 noema
782 4388 844 4444 tam
862 4383 940 4458 quod
960 4372 999 4443 ad
1013 4382 1219 4452 (boloniensem,
1243 4394 1330 4454 quam
1350 4377 1427 4452 quod
1440 4379 1480 4440 ad

306 4488 584 4565 Cesaremattinet,
607 4488 891 4551 nibileffectumest.
1269 4486 1280 4537 .’

395 4596 435 4671 vij
447 4596 521 4671 Msji
534 4595 573 4656 ad
581 4597 611 4656 d.
622 4595 792 4657 Mauritium
803 4594 832 4655 d.
844 4593 864 4653 J
865 4610 975 4655 oannes
982 4594 1125 4655 Hernicos
1137 4592 1321 4653 concionatus
1333 4595 1377 4651 est
1387 4605 1424 4653 ex
1433 4588 1480 4649 bis

305 4702 402 4764 vebis
409 4702 497 4779 raon
506 4703 645 4777 exsopire
655 4702 696 4777 xij
710 4701 846 4775 epistola.
854 4700 1058 4761 ndRomunos:
1071 4697 1237 4759 Benedicite
1250 4700 1281 4757 et
1293 4696 1382 4757 nolite
1393 4694 1481 4760 mels·

266 4880 269 4885 ,
308 4806 414 4885 dnere.
433 4806 486 4883 Ait
497 4813 598 4885 autem
605 4807 668 4867 boc
678 4806 769 4877 verbu
779 4822 844 4867 esse
855 4811 1031 4881 preceptum
1042 4818 1209 4889 expressum
1220 4800 1337 4877 domini,
1345 4816 1481 4863 noncou·
