<?xml version="1.0" encoding="UTF-8"?>
<!DOCTYPE html PUBLIC "-//W3C//DTD XHTML 1.0 Transitional//EN"
    "http://www.w3.org/TR/xhtml1/DTD/xhtml1-transitional.dtd">
<html xmlns="http://www.w3.org/1999/xhtml" xml:lang="en" lang="en">
 <head>
  <title>
</title>
<meta http-equiv="Content-Type" content="text/html;charset=utf-8" />
  <meta name='ocr-system' content='tesseract 3.04.00' />
  <meta name='ocr-capabilities' content='ocr_page ocr_carea ocr_par ocr_line ocrx_word'/>
</head>
<body>
  <div class='ocr_page' id='page_1' title='image "./scherzgedichte01laurgoog_0395.png"; bbox 0 0 3700 5692; ppageno 0'>
   <div class='ocr_carea' id='block_1_1' title="bbox 944 701 987 814">
    <p class='ocr_par' dir='ltr' id='par_1_1' title="bbox 944 701 987 814">
     <span class='ocr_line' id='line_1_1' title="bbox 944 701 987 814; baseline 0 0"><span class='ocrx_word' id='word_1_1' title='bbox 944 701 987 814; x_wconf 71' lang='lat' dir='ltr'>m</span> 
     </span>
    </p>
   </div>
   <div class='ocr_carea' id='block_1_2' title="bbox 379 928 1548 2378">
    <p class='ocr_par' dir='ltr' id='par_1_2' title="bbox 379 928 1545 1115">
     <span class='ocr_line' id='line_1_2' title="bbox 465 928 1545 1009; baseline -0.007 -15"><span class='ocrx_word' id='word_1_2' title='bbox 465 935 614 994; x_wconf 78' lang='lat' dir='ltr'>Masculus</span> <span class='ocrx_word' id='word_1_3' title='bbox 629 935 729 994; x_wconf 88' lang='lat' dir='ltr'>doctus</span> <span class='ocrx_word' id='word_1_4' title='bbox 744 935 853 1009; x_wconf 83' lang='lat' dir='ltr'>ulpius</span> <span class='ocrx_word' id='word_1_5' title='bbox 871 934 968 992; x_wconf 89' lang='lat' dir='ltr'>multis</span> <span class='ocrx_word' id='word_1_6' title='bbox 986 929 1131 1005; x_wconf 88' lang='lat' dir='ltr'>leonibus,</span> <span class='ocrx_word' id='word_1_7' title='bbox 1155 929 1258 1005; x_wconf 81' lang='lat' dir='ltr'>uqmlis</span> <span class='ocrx_word' id='word_1_8' title='bbox 1279 935 1310 990; x_wconf 86' lang='lat' dir='ltr'>et</span> <span class='ocrx_word' id='word_1_9' title='bbox 1323 928 1440 1005; x_wconf 78' lang='lat' dir='ltr'>gryphis</span> <span class='ocrx_word' id='word_1_10' title='bbox 1453 929 1545 989; x_wconf 86' lang='lat' dir='ltr'>timori</span> 
     </span>
     <span class='ocr_line' id='line_1_3' title="bbox 379 1038 1218 1115; baseline -0.005 -16"><span class='ocrx_word' id='word_1_11' title='bbox 379 1049 433 1101; x_wconf 90' lang='lat' dir='ltr'>est.</span> <span class='ocrx_word' id='word_1_12' title='bbox 457 1041 571 1100; x_wconf 85' lang='lat' dir='ltr'>Memor</span> <span class='ocrx_word' id='word_1_13' title='bbox 586 1042 624 1099; x_wconf 90' lang='lat' dir='ltr'>sit</span> <span class='ocrx_word' id='word_1_14' title='bbox 639 1041 700 1115; x_wconf 90' lang='lat' dir='ltr'>ejus</span> <span class='ocrx_word' id='word_1_15' title='bbox 715 1039 846 1100; x_wconf 89' lang='lat' dir='ltr'>dominus</span> <span class='ocrx_word' id='word_1_16' title='bbox 856 1040 941 1113; x_wconf 88' lang='lat' dir='ltr'>juxta</span> <span class='ocrx_word' id='word_1_17' title='bbox 957 1038 1115 1098; x_wconf 71' lang='lat' dir='ltr'>bonitatem</span> <span class='ocrx_word' id='word_1_18' title='bbox 1129 1050 1218 1096; x_wconf 89' lang='lat' dir='ltr'>suam.</span> 
     </span>
    </p>

    <p class='ocr_par' dir='ltr' id='par_1_3' title="bbox 466 1142 1284 1215">
     <span class='ocr_line' id='line_1_4' title="bbox 466 1142 1284 1215; baseline -0.007 -10"><span class='ocrx_word' id='word_1_19' title='bbox 466 1148 577 1206; x_wconf 84' lang='lat' dir='ltr'>Eadem</span> <span class='ocrx_word' id='word_1_20' title='bbox 591 1147 670 1205; x_wconf 85' lang='lat' dir='ltr'>veuit</span> <span class='ocrx_word' id='word_1_21' title='bbox 684 1145 780 1204; x_wconf 76' lang='lat' dir='ltr'>‘scriba</span> <span class='ocrx_word' id='word_1_22' title='bbox 795 1144 918 1204; x_wconf 83' lang='lat' dir='ltr'>furtivus</span> <span class='ocrx_word' id='word_1_23' title='bbox 933 1145 981 1204; x_wconf 88' lang='lat' dir='ltr'>illc</span> <span class='ocrx_word' id='word_1_24' title='bbox 996 1143 1120 1203; x_wconf 84' lang='lat' dir='ltr'>ailereus</span> <span class='ocrx_word' id='word_1_25' title='bbox 1135 1142 1284 1215; x_wconf 88' lang='lat' dir='ltr'>scriptum.-</span> 
     </span>
    </p>

    <p class='ocr_par' dir='ltr' id='par_1_4' title="bbox 379 1246 1545 1522">
     <span class='ocr_line' id='line_1_5' title="bbox 466 1246 1545 1322; baseline -0.007 -10"><span class='ocrx_word' id='word_1_26' title='bbox 466 1251 577 1312; x_wconf 85' lang='lat' dir='ltr'>Eadem</span> <span class='ocrx_word' id='word_1_27' title='bbox 599 1253 681 1312; x_wconf 91' lang='lat' dir='ltr'>nobis</span> <span class='ocrx_word' id='word_1_28' title='bbox 700 1253 883 1311; x_wconf 85' lang='lat' dir='ltr'>Hermaunus</span> <span class='ocrx_word' id='word_1_29' title='bbox 905 1249 943 1310; x_wconf 88' lang='lat' dir='ltr'>ab</span> <span class='ocrx_word' id='word_1_30' title='bbox 962 1251 1142 1310; x_wconf 75' lang='lat' dir='ltr'>Amdunxeu</span> <span class='ocrx_word' id='word_1_31' title='bbox 1161 1264 1198 1307; x_wconf 81' lang='lat' dir='ltr'>ex</span> <span class='ocrx_word' id='word_1_32' title='bbox 1213 1248 1287 1322; x_wconf 84' lang='lat' dir='ltr'>jmis</span> <span class='ocrx_word' id='word_1_33' title='bbox 1306 1247 1453 1306; x_wconf 77' lang='lat' dir='ltr'>licentiato</span> <span class='ocrx_word' id='word_1_34' title='bbox 1470 1246 1545 1321; x_wconf 86' lang='lat' dir='ltr'>pejor</span> 
     </span>
     <span class='ocr_line' id='line_1_6' title="bbox 379 1341 1544 1432; baseline -0.009 -14"><span class='ocrx_word' id='word_1_35' title='bbox 379 1359 545 1432; x_wconf 70' lang='lat' dir='ltr'>capitaneus</span> <span class='ocrx_word' id='word_1_36' title='bbox 560 1355 663 1432; x_wconf 90' lang='lat' dir='ltr'>iactus,</span> <span class='ocrx_word' id='word_1_37' title='bbox 679 1358 738 1431; x_wconf 92' lang='lat' dir='ltr'>qui,</span> <span class='ocrx_word' id='word_1_38' title='bbox 753 1362 787 1416; x_wconf 88' lang='lat' dir='ltr'>ut</span> <span class='ocrx_word' id='word_1_39' title='bbox 801 1357 871 1416; x_wconf 83' lang='lat' dir='ltr'>milri</span> <span class='ocrx_word' id='word_1_40' title='bbox 884 1355 1053 1431; x_wconf 81' lang='lat' dir='ltr'>ridebatur,</span> <span class='ocrx_word' id='word_1_41' title='bbox 1069 1354 1187 1415; x_wconf 79' lang='lat' dir='ltr'>silatum</span> <span class='ocrx_word' id='word_1_42' title='bbox 1201 1341 1331 1414; x_wconf 86' lang='lat' dir='ltr'>nostrum</span> <span class='ocrx_word' id='word_1_43' title='bbox 1346 1355 1484 1427; x_wconf 89' lang='lat' dir='ltr'>appetens</span> <span class='ocrx_word' id='word_1_44' title='bbox 1499 1349 1544 1410; x_wconf 83' lang='lat' dir='ltr'>ob</span> 
     </span>
     <span class='ocr_line' id='line_1_7' title="bbox 379 1462 557 1522; baseline -0.006 -1"><span class='ocrx_word' id='word_1_45' title='bbox 379 1462 557 1522; x_wconf 73' lang='lat' dir='ltr'>usuvenit.</span> 
     </span>
    </p>

    <p class='ocr_par' dir='ltr' id='par_1_5' title="bbox 381 1561 1546 1735">
     <span class='ocr_line' id='line_1_8' title="bbox 467 1561 1546 1643; baseline -0.006 -16"><span class='ocrx_word' id='word_1_46' title='bbox 467 1568 566 1643; x_wconf 87' lang='lat' dir='ltr'>Nepos</span> <span class='ocrx_word' id='word_1_47' title='bbox 582 1568 792 1627; x_wconf 85' lang='lat' dir='ltr'>Coloniemium</span> <span class='ocrx_word' id='word_1_48' title='bbox 807 1573 836 1627; x_wconf 89' lang='lat' dir='ltr'>et</span> <span class='ocrx_word' id='word_1_49' title='bbox 849 1567 1113 1642; x_wconf 79' lang='lat' dir='ltr'>Moguutincnsium</span> <span class='ocrx_word' id='word_1_50' title='bbox 1128 1567 1255 1641; x_wconf 76' lang='lat' dir='ltr'>exagitet</span> <span class='ocrx_word' id='word_1_51' title='bbox 1270 1565 1365 1639; x_wconf 71' lang='lat' dir='ltr'>subs,</span> <span class='ocrx_word' id='word_1_52' title='bbox 1387 1563 1461 1624; x_wconf 77' lang='lat' dir='ltr'>faxit</span> <span class='ocrx_word' id='word_1_53' title='bbox 1474 1561 1546 1622; x_wconf 89' lang='lat' dir='ltr'>Deus</span> 
     </span>
     <span class='ocr_line' id='line_1_9' title="bbox 381 1672 755 1735; baseline -0.013 0"><span class='ocrx_word' id='word_1_54' title='bbox 381 1675 418 1735; x_wconf 86' lang='lat' dir='ltr'>ne</span> <span class='ocrx_word' id='word_1_55' title='bbox 432 1676 475 1735; x_wconf 94' lang='lat' dir='ltr'>illi</span> <span class='ocrx_word' id='word_1_56' title='bbox 489 1675 565 1733; x_wconf 88' lang='lat' dir='ltr'>male</span> <span class='ocrx_word' id='word_1_57' title='bbox 580 1673 672 1733; x_wconf 89' lang='lat' dir='ltr'>cedat.</span> <span class='ocrx_word' id='word_1_58' title='bbox 751 1672 755 1682; x_wconf 92' lang='grc'><strong>“</strong></span> 
     </span>
    </p>

    <p class='ocr_par' dir='ltr' id='par_1_6' title="bbox 379 1773 1547 2052">
     <span class='ocr_line' id='line_1_10' title="bbox 468 1773 1546 1851; baseline -0.006 -12"><span class='ocrx_word' id='word_1_59' title='bbox 468 1781 502 1839; x_wconf 91' lang='lat' dir='ltr'>In</span> <span class='ocrx_word' id='word_1_60' title='bbox 522 1778 663 1838; x_wconf 92' lang='lat' dir='ltr'>dominico</span> <span class='ocrx_word' id='word_1_61' title='bbox 677 1778 847 1851; x_wconf 77' lang='lat' dir='ltr'>Augustanu</span> <span class='ocrx_word' id='word_1_62' title='bbox 862 1780 893 1838; x_wconf 91' lang='lat' dir='ltr'>in</span> <span class='ocrx_word' id='word_1_63' title='bbox 906 1778 1028 1839; x_wconf 85' lang='lat' dir='ltr'>candido</span> <span class='ocrx_word' id='word_1_64' title='bbox 1047 1793 1191 1838; x_wconf 82' lang='lat' dir='ltr'>murmure</span> <span class='ocrx_word' id='word_1_65' title='bbox 1204 1779 1258 1838; x_wconf 90' lang='lat' dir='ltr'>hoc</span> <span class='ocrx_word' id='word_1_66' title='bbox 1275 1781 1489 1836; x_wconf 89' lang='lat' dir='ltr'>monumentum</span> <span class='ocrx_word' id='word_1_67' title='bbox 1501 1773 1546 1834; x_wconf 91' lang='lat' dir='ltr'>de·</span> 
     </span>
     <span class='ocr_line' id='line_1_11' title="bbox 380 1872 1547 1957; baseline -0.006 -12"><span class='ocrx_word' id='word_1_68' title='bbox 380 1885 489 1945; x_wconf 88' lang='lat' dir='ltr'>auratis</span> <span class='ocrx_word' id='word_1_69' title='bbox 507 1872 599 1944; x_wconf 83' lang='lat' dir='ltr'>literis</span> <span class='ocrx_word' id='word_1_70' title='bbox 619 1884 791 1957; x_wconf 90' lang='lat' dir='ltr'>insculptum</span> <span class='ocrx_word' id='word_1_71' title='bbox 806 1883 948 1945; x_wconf 90' lang='lat' dir='ltr'>Melchiur</span> <span class='ocrx_word' id='word_1_72' title='bbox 963 1883 1085 1946; x_wconf 87' lang='lat' dir='ltr'>Lindius</span> <span class='ocrx_word' id='word_1_73' title='bbox 1107 1884 1351 1956; x_wconf 72' lang='lat' dir='ltr'>subsannavit,</span> <span class='ocrx_word' id='word_1_74' title='bbox 1376 1887 1410 1941; x_wconf 90' lang='lat' dir='ltr'>nt</span> <span class='ocrx_word' id='word_1_75' title='bbox 1428 1894 1547 1955; x_wconf 76' lang='lat' dir='ltr'>presens</span> 
     </span>
     <span class='ocr_line' id='line_1_12' title="bbox 379 1989 1298 2052; baseline -0.007 0"><span class='ocrx_word' id='word_1_76' title='bbox 379 1992 505 2052; x_wconf 79' lang='lat' dir='ltr'>ostendit</span> <span class='ocrx_word' id='word_1_77' title='bbox 519 1989 668 2050; x_wconf 88' lang='lat' dir='ltr'>schedula:</span> <span class='ocrx_word' id='word_1_78' title='bbox 1295 1999 1298 2003; x_wconf 82' lang='lat'>&#39;</span> 
     </span>
    </p>

    <p class='ocr_par' dir='ltr' id='par_1_7' title="bbox 379 2097 1548 2378">
     <span class='ocr_line' id='line_1_13' title="bbox 418 2097 1547 2158; baseline -0.007 0"><span class='ocrx_word' id='word_1_79' title='bbox 418 2102 421 2107; x_wconf 84' lang='lat'>&#39;</span> <span class='ocrx_word' id='word_1_80' title='bbox 467 2101 609 2158; x_wconf 76' lang='lat' dir='ltr'>uuousrm</span> <span class='ocrx_word' id='word_1_81' title='bbox 631 2113 747 2157; x_wconf 80' lang='grc' dir='ltr'>νιιιιιιιι.</span> <span class='ocrx_word' id='word_1_82' title='bbox 772 2115 802 2158; x_wconf 86' lang='grc' dir='ltr'>ιιι</span> <span class='ocrx_word' id='word_1_83' title='bbox 817 2112 930 2157; x_wconf 76' lang='lat' dir='ltr'>resono</span> <span class='ocrx_word' id='word_1_84' title='bbox 950 2113 1030 2157; x_wconf 77' lang='lat' dir='ltr'>urvm</span> <span class='ocrx_word' id='word_1_85' title='bbox 1052 2114 1162 2158; x_wconf 73' lang='lat' dir='ltr'>nsum.</span> <span class='ocrx_word' id='word_1_86' title='bbox 1201 2113 1261 2156; x_wconf 67' lang='lat' dir='ltr'>rurs</span> <span class='ocrx_word' id='word_1_87' title='bbox 1280 2109 1354 2156; x_wconf 66' lang='lat' dir='ltr'>cmsr</span> <span class='ocrx_word' id='word_1_88' title='bbox 1377 2097 1504 2154; x_wconf 79' lang='lat' dir='ltr'>orruoui</span> <span class='ocrx_word' id='word_1_89' title='bbox 1518 2107 1547 2151; x_wconf 87' lang='grc' dir='ltr'>ιιι</span> 
     </span>
     <span class='ocr_line' id='line_1_14' title="bbox 379 2185 1548 2281; baseline -0.007 -17"><span class='ocrx_word' id='word_1_90' title='bbox 379 2221 420 2264; x_wconf 76' lang='lat' dir='ltr'>nx</span> <span class='ocrx_word' id='word_1_91' title='bbox 435 2185 529 2265; x_wconf 78' lang='lat' dir='ltr'>saura</span> <span class='ocrx_word' id='word_1_92' title='bbox 544 2219 637 2281; x_wconf 68' lang='lat' dir='ltr'>uuum</span> <span class='ocrx_word' id='word_1_93' title='bbox 653 2219 817 2264; x_wconf 80' lang='grc' dir='ltr'>ινιιιιιιιιιιιιι</span> <span class='ocrx_word' id='word_1_94' title='bbox 834 2217 942 2263; x_wconf 78' lang='lat' dir='ltr'>saxos.</span> <span class='ocrx_word' id='word_1_95' title='bbox 960 2218 1027 2263; x_wconf 84' lang='lat' dir='ltr'>uno.</span> <span class='ocrx_word' id='word_1_96' title='bbox 1044 2217 1116 2264; x_wconf 75' lang='lat' dir='ltr'>oms.</span> <span class='ocrx_word' id='word_1_97' title='bbox 1133 2215 1286 2262; x_wconf 84' lang='lat' dir='ltr'>orruosrs.</span> <span class='ocrx_word' id='word_1_98' title='bbox 1318 2217 1406 2261; x_wconf 78' lang='lat' dir='ltr'>suco.</span> <span class='ocrx_word' id='word_1_99' title='bbox 1424 2217 1446 2260; x_wconf 89' lang='grc' dir='ltr'>ιι</span> <span class='ocrx_word' id='word_1_100' title='bbox 1461 2210 1548 2259; x_wconf 79' lang='lat' dir='ltr'>stauos</span> 
     </span>
     <span class='ocr_line' id='line_1_15' title="bbox 380 2317 1547 2378; baseline -0.007 -10"><span class='ocrx_word' id='word_1_101' title='bbox 380 2324 452 2374; x_wconf 71' lang='lat' dir='ltr'>cas</span> <span class='ocrx_word' id='word_1_102' title='bbox 468 2323 614 2370; x_wconf 81' lang='lat' dir='ltr'>omuoms</span> <span class='ocrx_word' id='word_1_103' title='bbox 628 2324 698 2370; x_wconf 75' lang='lat' dir='ltr'>uuo.</span> <span class='ocrx_word' id='word_1_104' title='bbox 713 2323 806 2369; x_wconf 71' lang='lat' dir='ltr'>suoru</span> <span class='ocrx_word' id='word_1_105' title='bbox 822 2323 909 2368; x_wconf 82' lang='lat' dir='ltr'>noro.</span> <span class='ocrx_word' id='word_1_106' title='bbox 924 2323 1011 2368; x_wconf 78' lang='lat' dir='ltr'>uncus</span> <span class='ocrx_word' id='word_1_107' title='bbox 1027 2324 1146 2378; x_wconf 75' lang='lat' dir='ltr'>uruntur</span> <span class='ocrx_word' id='word_1_108' title='bbox 1162 2323 1230 2368; x_wconf 77' lang='lat' dir='ltr'>uuo.</span> <span class='ocrx_word' id='word_1_109' title='bbox 1246 2321 1379 2368; x_wconf 78' lang='lat' dir='ltr'>securus.</span> <span class='ocrx_word' id='word_1_110' title='bbox 1409 2317 1547 2366; x_wconf 73' lang='lat' dir='ltr'>esconio,</span> 
     </span>
    </p>
   </div>
   <div class='ocr_carea' id='block_1_3' title="bbox 380 2417 1642 2477">
    <p class='ocr_par' dir='ltr' id='par_1_8' title="bbox 380 2417 1642 2477">
     <span class='ocr_line' id='line_1_16' title="bbox 380 2417 1642 2477; baseline -0.009 0"><span class='ocrx_word' id='word_1_111' title='bbox 380 2417 524 2477; x_wconf 71' lang='lat' dir='ltr'>umbonis</span> <span class='ocrx_word' id='word_1_112' title='bbox 555 2430 640 2476; x_wconf 79' lang='lat' dir='ltr'>oncis</span> <span class='ocrx_word' id='word_1_113' title='bbox 669 2431 776 2476; x_wconf 79' lang='lat' dir='ltr'><strong>SAXON.</strong></span> <span class='ocrx_word' id='word_1_114' title='bbox 806 2433 842 2475; x_wconf 77' lang='lat' dir='ltr'><strong>III*</strong></span> <span class='ocrx_word' id='word_1_115' title='bbox 871 2430 984 2475; x_wconf 70' lang='lat' dir='ltr'>nonum</span> <span class='ocrx_word' id='word_1_116' title='bbox 1015 2431 1127 2475; x_wconf 77' lang='lat' dir='ltr'><strong>IIIPEIIII</strong></span> <span class='ocrx_word' id='word_1_117' title='bbox 1158 2427 1382 2475; x_wconf 68' lang='lat' dir='ltr'>consummetis</span> <span class='ocrx_word' id='word_1_118' title='bbox 1410 2424 1547 2473; x_wconf 71' lang='lat' dir='ltr'>ueneror.</span> <span class='ocrx_word' id='word_1_119' title='bbox 1641 2423 1642 2432; x_wconf 57' lang='lat'>¹</span> 
     </span>
    </p>
   </div>
   <div class='ocr_carea' id='block_1_4' title="bbox 379 2523 1548 2688">
    <p class='ocr_par' dir='ltr' id='par_1_9' title="bbox 379 2523 1548 2688">
     <span class='ocr_line' id='line_1_17' title="bbox 379 2523 1547 2592; baseline -0.009 -10"><span class='ocrx_word' id='word_1_120' title='bbox 379 2536 530 2584; x_wconf 72' lang='lat' dir='ltr'>turronem</span> <span class='ocrx_word' id='word_1_121' title='bbox 552 2537 659 2582; x_wconf 76' lang='lat' dir='ltr'><strong>SAXON·</strong></span> <span class='ocrx_word' id='word_1_122' title='bbox 678 2540 708 2581; x_wconf 81' lang='lat' dir='ltr'>Il.</span> <span class='ocrx_word' id='word_1_123' title='bbox 728 2537 834 2582; x_wconf 71' lang='lat' dir='ltr'><strong>ATKEP·</strong></span> <span class='ocrx_word' id='word_1_124' title='bbox 872 2536 1018 2582; x_wconf 65' lang='lat' dir='ltr'>baubonis</span> <span class='ocrx_word' id='word_1_125' title='bbox 1040 2536 1102 2592; x_wconf 74' lang='lat' dir='ltr'>olla</span> <span class='ocrx_word' id='word_1_126' title='bbox 1123 2533 1230 2580; x_wconf 78' lang='lat' dir='ltr'><strong>SAXON.</strong></span> <span class='ocrx_word' id='word_1_127' title='bbox 1250 2523 1317 2580; x_wconf 81' lang='lat' dir='ltr'>nbc&#39;.</span> <span class='ocrx_word' id='word_1_128' title='bbox 1336 2535 1373 2578; x_wconf 71' lang='lat' dir='ltr'>Er</span> <span class='ocrx_word' id='word_1_129' title='bbox 1389 2530 1547 2578; x_wconf 75' lang='lat' dir='ltr'>wlocxlllbl</span> 
     </span>
     <span class='ocr_line' id='line_1_18' title="bbox 379 2635 1548 2688; baseline -0.008 -2"><span class='ocrx_word' id='word_1_130' title='bbox 379 2643 514 2687; x_wconf 70' lang='lat' dir='ltr'><strong>IRAIRU!</strong></span> <span class='ocrx_word' id='word_1_131' title='bbox 534 2643 699 2687; x_wconf 75' lang='lat' dir='ltr'><strong>I&#39;IIIIlIIPOI&#39;I.</strong></span> <span class='ocrx_word' id='word_1_132' title='bbox 719 2642 766 2687; x_wconf 83' lang='lat' dir='ltr'>OB.</span> <span class='ocrx_word' id='word_1_133' title='bbox 787 2644 818 2686; x_wconf 81' lang='grc' dir='ltr'>Χ.</span> <span class='ocrx_word' id='word_1_134' title='bbox 836 2643 911 2687; x_wconf 73' lang='lat' dir='ltr'>litas</span> <span class='ocrx_word' id='word_1_135' title='bbox 927 2644 1029 2688; x_wconf 67' lang='lat' dir='ltr'>lasau.</span> <span class='ocrx_word' id='word_1_136' title='bbox 1053 2639 1134 2686; x_wconf 75' lang='lat' dir='ltr'>Auno</span> <span class='ocrx_word' id='word_1_137' title='bbox 1155 2641 1218 2685; x_wconf 72' lang='lat' dir='ltr'>sul.</span> <span class='ocrx_word' id='word_1_138' title='bbox 1239 2643 1269 2684; x_wconf 79' lang='lat' dir='ltr'>ll.</span> <span class='ocrx_word' id='word_1_139' title='bbox 1285 2641 1306 2684; x_wconf 93' lang='lat' dir='ltr'>II</span> <span class='ocrx_word' id='word_1_140' title='bbox 1323 2639 1415 2684; x_wconf 72' lang='lat' dir='ltr'>neom</span> <span class='ocrx_word' id='word_1_141' title='bbox 1434 2639 1489 2682; x_wconf 81' lang='lat' dir='ltr'>xlx</span> <span class='ocrx_word' id='word_1_142' title='bbox 1502 2635 1548 2678; x_wconf 89' lang='lat' dir='ltr'><strong>III·</strong></span> 
     </span>
    </p>
   </div>
   <div class='ocr_carea' id='block_1_5' title="bbox 379 2740 1642 2803">
    <p class='ocr_par' dir='ltr' id='par_1_10' title="bbox 379 2740 1642 2803">
     <span class='ocr_line' id='line_1_19' title="bbox 379 2740 1642 2803; baseline -0.007 -12"><span class='ocrx_word' id='word_1_143' title='bbox 379 2747 458 2791; x_wconf 77' lang='lat' dir='ltr'><strong>PIIRII</strong></span> <span class='ocrx_word' id='word_1_144' title='bbox 475 2749 502 2792; x_wconf 83' lang='lat' dir='ltr'>V.</span> <span class='ocrx_word' id='word_1_145' title='bbox 541 2748 622 2803; x_wconf 77' lang='lat' dir='ltr'>QUOD</span> <span class='ocrx_word' id='word_1_146' title='bbox 639 2749 767 2793; x_wconf 82' lang='lat' dir='ltr'><strong>VISCERA</strong></span> <span class='ocrx_word' id='word_1_147' title='bbox 787 2745 856 2792; x_wconf 77' lang='lat' dir='ltr'><strong>EIUS</strong></span> <span class='ocrx_word' id='word_1_148' title='bbox 879 2749 929 2792; x_wconf 80' lang='lat' dir='ltr'><strong>IIIG</strong></span> <span class='ocrx_word' id='word_1_149' title='bbox 951 2747 1079 2793; x_wconf 78' lang='lat' dir='ltr'><strong>CONDITA</strong></span> <span class='ocrx_word' id='word_1_150' title='bbox 1095 2748 1213 2792; x_wconf 72' lang='lat' dir='ltr'>succus.</span> <span class='ocrx_word' id='word_1_151' title='bbox 1251 2743 1426 2790; x_wconf 64' lang='lat' dir='ltr'>coronamus</span> <span class='ocrx_word' id='word_1_152' title='bbox 1449 2745 1481 2788; x_wconf 97' lang='lat' dir='ltr'>III</span> <span class='ocrx_word' id='word_1_153' title='bbox 1496 2740 1550 2785; x_wconf 80' lang='lat' dir='ltr'>DUX</span> <span class='ocrx_word' id='word_1_154' title='bbox 1641 2797 1642 2802; x_wconf 14' lang='grc'>1</span> 
     </span>
    </p>
   </div>
   <div class='ocr_carea' id='block_1_6' title="bbox 380 2845 1642 3534">
    <p class='ocr_par' dir='ltr' id='par_1_11' title="bbox 380 2811 1642 3534">
     <span class='ocr_line' id='line_1_20' title="bbox 381 2845 1550 2911; baseline -0.01 -14"><span class='ocrx_word' id='word_1_155' title='bbox 381 2853 521 2898; x_wconf 73' lang='lat' dir='ltr'>surorum</span> <span class='ocrx_word' id='word_1_156' title='bbox 544 2853 683 2899; x_wconf 76' lang='lat' dir='ltr'>ramosus</span> <span class='ocrx_word' id='word_1_157' title='bbox 709 2853 839 2899; x_wconf 79' lang='lat' dir='ltr'>accoron</span> <span class='ocrx_word' id='word_1_158' title='bbox 864 2853 959 2899; x_wconf 80' lang='lat' dir='ltr'>currus</span> <span class='ocrx_word' id='word_1_159' title='bbox 983 2852 1189 2898; x_wconf 78' lang='lat' dir='ltr'>ruovrucmnus</span> <span class='ocrx_word' id='word_1_160' title='bbox 1214 2851 1401 2911; x_wconf 76' lang='lat' dir='ltr'>recursuum,</span> <span class='ocrx_word' id='word_1_161' title='bbox 1425 2845 1550 2894; x_wconf 75' lang='lat' dir='ltr'>maculo</span> 
     </span>
     <span class='ocr_line' id='line_1_21' title="bbox 380 2919 1642 3005; baseline -0.006 -1"><span class='ocrx_word' id='word_1_162' title='bbox 380 2960 490 3004; x_wconf 77' lang='lat' dir='ltr'>sussum</span> <span class='ocrx_word' id='word_1_163' title='bbox 506 2962 542 3005; x_wconf 85' lang='lat' dir='ltr'>nr</span> <span class='ocrx_word' id='word_1_164' title='bbox 558 2961 646 3005; x_wconf 78' lang='lat' dir='ltr'>sucus</span> <span class='ocrx_word' id='word_1_165' title='bbox 665 2960 779 3005; x_wconf 79' lang='grc' dir='ltr'>ιιοιιιιιι</span> <span class='ocrx_word' id='word_1_166' title='bbox 799 2961 912 3005; x_wconf 79' lang='lat' dir='ltr'>tarsun</span> <span class='ocrx_word' id='word_1_167' title='bbox 934 2959 1030 3005; x_wconf 85' lang='grc' dir='ltr'>ιοοιιιι</span> <span class='ocrx_word' id='word_1_168' title='bbox 1050 2919 1162 3004; x_wconf 73' lang='lat' dir='ltr'>urruns</span> <span class='ocrx_word' id='word_1_169' title='bbox 1183 2939 1346 3002; x_wconf 75' lang='lat' dir='ltr'>ononimus</span> <span class='ocrx_word' id='word_1_170' title='bbox 1368 2939 1548 3001; x_wconf 80' lang='lat' dir='ltr'>ruousmro·</span> <span class='ocrx_word' id='word_1_171' title='bbox 1641 2921 1642 2928; x_wconf 9' lang='grc' dir='ltr'>ἵ</span> 
     </span>
     <span class='ocr_line' id='line_1_22' title="bbox 381 3053 1467 3112; baseline -0.004 -3"><span class='ocrx_word' id='word_1_172' title='bbox 381 3065 465 3110; x_wconf 81' lang='lat' dir='ltr'>orsus</span> <span class='ocrx_word' id='word_1_173' title='bbox 481 3066 609 3111; x_wconf 82' lang='lat' dir='ltr'>ouucrss.</span> <span class='ocrx_word' id='word_1_174' title='bbox 624 3053 761 3112; x_wconf 70' lang='lat' dir='ltr'>siciano.</span> <span class='ocrx_word' id='word_1_175' title='bbox 778 3067 904 3112; x_wconf 74' lang='lat' dir='ltr'>cunnum</span> <span class='ocrx_word' id='word_1_176' title='bbox 923 3066 1022 3112; x_wconf 76' lang='lat' dir='ltr'>sucus.</span> <span class='ocrx_word' id='word_1_177' title='bbox 1041 3066 1244 3112; x_wconf 68' lang='lat' dir='ltr'>turonorum</span> <span class='ocrx_word' id='word_1_178' title='bbox 1261 3066 1290 3109; x_wconf 92' lang='lat' dir='ltr'>v.</span> <span class='ocrx_word' id='word_1_179' title='bbox 1306 3062 1372 3108; x_wconf 88' lang='lat' dir='ltr'>mus</span> <span class='ocrx_word' id='word_1_180' title='bbox 1389 3063 1467 3106; x_wconf 76' lang='grc' dir='ltr'>ιιιιι.</span> 
     </span>
     <span class='ocr_line' id='line_1_23' title="bbox 470 3152 1547 3243; baseline -0.005 -30"><span class='ocrx_word' id='word_1_181' title='bbox 470 3155 556 3215; x_wconf 90' lang='lat' dir='ltr'>Dolet</span> <span class='ocrx_word' id='word_1_182' title='bbox 574 3156 678 3216; x_wconf 82' lang='lat' dir='ltr'>succisi</span> <span class='ocrx_word' id='word_1_183' title='bbox 693 3171 760 3216; x_wconf 87' lang='lat' dir='ltr'>aves</span> <span class='ocrx_word' id='word_1_184' title='bbox 775 3155 813 3214; x_wconf 87' lang='lat' dir='ltr'>ad</span> <span class='ocrx_word' id='word_1_185' title='bbox 828 3153 987 3243; x_wconf 77' lang='grc' dir='ltr'><strong>εὑκόρακος</strong></span> <span class='ocrx_word' id='word_1_186' title='bbox 1004 3156 1151 3217; x_wconf 88' lang='lat' dir='ltr'>advolare.</span> <span class='ocrx_word' id='word_1_187' title='bbox 1189 3155 1264 3215; x_wconf 84' lang='lat' dir='ltr'>Nom</span> <span class='ocrx_word' id='word_1_188' title='bbox 1278 3152 1547 3228; x_wconf 72' lang='lat' dir='ltr'>ridulphus-arobb-</span> 
     </span>
     <span class='ocr_line' id='line_1_24' title="bbox 380 3259 1548 3338; baseline -0.003 -18"><span class='ocrx_word' id='word_1_189' title='bbox 380 3260 514 3336; x_wconf 87' lang='lat' dir='ltr'>piscupus</span> <span class='ocrx_word' id='word_1_190' title='bbox 528 3266 558 3320; x_wconf 92' lang='lat' dir='ltr'>et</span> <span class='ocrx_word' id='word_1_191' title='bbox 571 3262 669 3321; x_wconf 78' lang='lat' dir='ltr'>ceteri</span> <span class='ocrx_word' id='word_1_192' title='bbox 682 3261 914 3338; x_wconf 77' lang='lat' dir='ltr'>murmurabant,</span> <span class='ocrx_word' id='word_1_193' title='bbox 931 3262 1009 3338; x_wconf 87' lang='lat' dir='ltr'>quod</span> <span class='ocrx_word' id='word_1_194' title='bbox 1022 3261 1153 3324; x_wconf 86' lang='lat' dir='ltr'>Eubulus</span> <span class='ocrx_word' id='word_1_195' title='bbox 1167 3261 1331 3322; x_wconf 74' lang='lat' dir='ltr'>Musonium</span> <span class='ocrx_word' id='word_1_196' title='bbox 1351 3266 1381 3322; x_wconf 90' lang='lat' dir='ltr'>et</span> <span class='ocrx_word' id='word_1_197' title='bbox 1400 3259 1472 3320; x_wconf 84' lang='lat' dir='ltr'>alios</span> <span class='ocrx_word' id='word_1_198' title='bbox 1486 3273 1548 3318; x_wconf 89' lang='lat' dir='ltr'>con·</span> 
     </span>
     <span class='ocr_line' id='line_1_25' title="bbox 381 3366 635 3441; baseline 0.012 -17"><span class='ocrx_word' id='word_1_199' title='bbox 381 3366 455 3426; x_wconf 89' lang='lat' dir='ltr'>viviu</span> <span class='ocrx_word' id='word_1_200' title='bbox 470 3367 635 3441; x_wconf 83' lang='lat' dir='ltr'>excepisset.</span> 
     </span>
     <span class='ocr_line' id='line_1_26' title="bbox 467 3471 1546 3534; baseline -0.003 -4"><span class='ocrx_word' id='word_1_201' title='bbox 467 3471 578 3531; x_wconf 86' lang='lat' dir='ltr'>Eadem</span> <span class='ocrx_word' id='word_1_202' title='bbox 592 3472 728 3532; x_wconf 86' lang='lat' dir='ltr'>Liberius</span> <span class='ocrx_word' id='word_1_203' title='bbox 745 3478 775 3532; x_wconf 92' lang='lat' dir='ltr'>et</span> <span class='ocrx_word' id='word_1_204' title='bbox 789 3472 976 3533; x_wconf 80' lang='lat' dir='ltr'>wandelinus</span> <span class='ocrx_word' id='word_1_205' title='bbox 996 3478 1062 3534; x_wconf 89' lang='lat' dir='ltr'>ante</span> <span class='ocrx_word' id='word_1_206' title='bbox 1081 3471 1231 3533; x_wconf 87' lang='lat' dir='ltr'>meridiem</span> <span class='ocrx_word' id='word_1_207' title='bbox 1244 3471 1466 3533; x_wconf 79' lang='lat' dir='ltr'>Atrebatensem</span> <span class='ocrx_word' id='word_1_208' title='bbox 1485 3485 1546 3530; x_wconf 87' lang='lat' dir='ltr'>con·</span> 
     </span>
    </p>
   </div>
   <div class='ocr_carea' id='block_1_7' title="bbox 267 3561 1248 3653">
    <p class='ocr_par' dir='ltr' id='par_1_12' title="bbox 267 3561 1248 3653">
     <span class='ocr_line' id='line_1_27' title="bbox 267 3561 1248 3653; baseline 0.006 -20"><span class='ocrx_word' id='word_1_209' title='bbox 267 3597 273 3606; x_wconf 88' lang='lat'><strong>·</strong></span> <span class='ocrx_word' id='word_1_210' title='bbox 380 3577 479 3636; x_wconf 83' lang='lat' dir='ltr'>venire</span> <span class='ocrx_word' id='word_1_211' title='bbox 493 3578 662 3653; x_wconf 87' lang='lat' dir='ltr'>nequibant,</span> <span class='ocrx_word' id='word_1_212' title='bbox 682 3579 829 3639; x_wconf 89' lang='lat' dir='ltr'>doctorem</span> <span class='ocrx_word' id='word_1_213' title='bbox 842 3595 912 3640; x_wconf 86' lang='lat' dir='ltr'>vero</span> <span class='ocrx_word' id='word_1_214' title='bbox 928 3561 1027 3640; x_wconf 83' lang='lat' dir='ltr'>Iluseu</span> <span class='ocrx_word' id='word_1_215' title='bbox 1042 3581 1159 3640; x_wconf 86' lang='lat' dir='ltr'>allocuti</span> <span class='ocrx_word' id='word_1_216' title='bbox 1173 3585 1248 3640; x_wconf 87' lang='lat' dir='ltr'>suut.</span> 
     </span>
    </p>
   </div>
   <div class='ocr_carea' id='block_1_8' title="bbox 377 3682 1642 4926">
    <p class='ocr_par' dir='ltr' id='par_1_13' title="bbox 377 3682 1642 4393">
     <span class='ocr_line' id='line_1_28' title="bbox 469 3682 1642 3770; baseline -0.003 -29"><span class='ocrx_word' id='word_1_217' title='bbox 469 3683 540 3741; x_wconf 85' lang='lat' dir='ltr'>Haec</span> <span class='ocrx_word' id='word_1_218' title='bbox 559 3682 620 3743; x_wconf 87' lang='lat' dir='ltr'>dies</span> <span class='ocrx_word' id='word_1_219' title='bbox 640 3685 686 3745; x_wconf 84' lang='lat' dir='ltr'>vel</span> <span class='ocrx_word' id='word_1_220' title='bbox 705 3685 781 3757; x_wconf 91' lang='lat' dir='ltr'>quod</span> <span class='ocrx_word' id='word_1_221' title='bbox 802 3684 830 3744; x_wconf 92' lang='lat' dir='ltr'>d.</span> <span class='ocrx_word' id='word_1_222' title='bbox 851 3685 1003 3760; x_wconf 81' lang='lat' dir='ltr'>Walpurgi</span> <span class='ocrx_word' id='word_1_223' title='bbox 1023 3687 1083 3745; x_wconf 87' lang='lat' dir='ltr'>sive</span> <span class='ocrx_word' id='word_1_224' title='bbox 1101 3687 1192 3770; x_wconf 85' lang='lat' dir='ltr'>mavis</span> <span class='ocrx_word' id='word_1_225' title='bbox 1211 3685 1350 3759; x_wconf 87' lang='lat' dir='ltr'>apostolis</span> <span class='ocrx_word' id='word_1_226' title='bbox 1370 3683 1503 3757; x_wconf 92' lang='lat' dir='ltr'>Philippo</span> <span class='ocrx_word' id='word_1_227' title='bbox 1522 3684 1549 3738; x_wconf 91' lang='lat' dir='ltr'>et</span> <span class='ocrx_word' id='word_1_228' title='bbox 1641 3723 1642 3726; x_wconf 16' lang='grc' dir='ltr'>η</span> 
     </span>
     <span class='ocr_line' id='line_1_29' title="bbox 380 3765 1547 3866; baseline -0.001 -19"><span class='ocrx_word' id='word_1_229' title='bbox 380 3786 488 3848; x_wconf 88' lang='lat' dir='ltr'>Jacobo</span> <span class='ocrx_word' id='word_1_230' title='bbox 503 3804 586 3848; x_wconf 83' lang='lat' dir='ltr'>sacru</span> <span class='ocrx_word' id='word_1_231' title='bbox 600 3787 688 3866; x_wconf 88' lang='lat' dir='ltr'>iuret,</span> <span class='ocrx_word' id='word_1_232' title='bbox 707 3787 760 3849; x_wconf 78' lang='lat' dir='ltr'>but</span> <span class='ocrx_word' id='word_1_233' title='bbox 779 3791 875 3850; x_wconf 91' lang='lat' dir='ltr'>nescio</span> <span class='ocrx_word' id='word_1_234' title='bbox 896 3807 982 3864; x_wconf 90' lang='lat' dir='ltr'>quam</span> <span class='ocrx_word' id='word_1_235' title='bbox 1001 3791 1038 3850; x_wconf 89' lang='lat' dir='ltr'>ab</span> <span class='ocrx_word' id='word_1_236' title='bbox 1053 3792 1172 3865; x_wconf 88' lang='lat' dir='ltr'>papistis</span> <span class='ocrx_word' id='word_1_237' title='bbox 1187 3791 1224 3850; x_wconf 88' lang='lat' dir='ltr'>ab</span> <span class='ocrx_word' id='word_1_238' title='bbox 1240 3790 1359 3850; x_wconf 86' lang='lat' dir='ltr'>ethnicis</span> <span class='ocrx_word' id='word_1_239' title='bbox 1375 3765 1547 3861; x_wconf 82' lang='lat' dir='ltr'>desumptum</span> 
     </span>
     <span class='ocr_line' id='line_1_30' title="bbox 380 3869 1547 3974; baseline -0.003 -22"><span class='ocrx_word' id='word_1_240' title='bbox 380 3896 611 3954; x_wconf 89' lang='lat' dir='ltr'>consuetudinem</span> <span class='ocrx_word' id='word_1_241' title='bbox 625 3897 767 3956; x_wconf 85' lang='lat' dir='ltr'>celebrior</span> <span class='ocrx_word' id='word_1_242' title='bbox 780 3903 844 3957; x_wconf 86' lang='lat' dir='ltr'>erat</span> <span class='ocrx_word' id='word_1_243' title='bbox 863 3896 941 3974; x_wconf 86' lang='lat' dir='ltr'>(erat</span> <span class='ocrx_word' id='word_1_244' title='bbox 954 3897 1050 3956; x_wconf 87' lang='lat' dir='ltr'>autem</span> <span class='ocrx_word' id='word_1_245' title='bbox 1064 3898 1158 3971; x_wconf 83' lang='lat' dir='ltr'>pruna</span> <span class='ocrx_word' id='word_1_246' title='bbox 1172 3893 1259 3970; x_wconf 74' lang='lat' dir='ltr'>Maii)</span> <span class='ocrx_word' id='word_1_247' title='bbox 1274 3913 1293 3955; x_wconf 87' lang='lat' dir='ltr'>a</span> <span class='ocrx_word' id='word_1_248' title='bbox 1306 3869 1402 3955; x_wconf 77' lang='lat' dir='ltr'>multis</span> <span class='ocrx_word' id='word_1_249' title='bbox 1418 3890 1547 3966; x_wconf 88' lang='lat' dir='ltr'>Hispanis</span> 
     </span>
     <span class='ocr_line' id='line_1_31' title="bbox 379 3985 1546 4080; baseline -0.003 -22"><span class='ocrx_word' id='word_1_250' title='bbox 379 4003 409 4058; x_wconf 89' lang='lat' dir='ltr'>et</span> <span class='ocrx_word' id='word_1_251' title='bbox 422 3997 617 4080; x_wconf 82' lang='lat' dir='ltr'>uliisirondes</span> <span class='ocrx_word' id='word_1_252' title='bbox 636 4003 761 4060; x_wconf 90' lang='lat' dir='ltr'>omnium</span> <span class='ocrx_word' id='word_1_253' title='bbox 780 4001 916 4063; x_wconf 86' lang='lat' dir='ltr'>arborum</span> <span class='ocrx_word' id='word_1_254' title='bbox 923 3985 966 4063; x_wconf 59' lang='lat' dir='ltr'>&#39;et</span> <span class='ocrx_word' id='word_1_255' title='bbox 981 4005 1061 4078; x_wconf 89' lang='lat' dir='ltr'>equis</span> <span class='ocrx_word' id='word_1_256' title='bbox 1077 4008 1107 4062; x_wconf 89' lang='lat' dir='ltr'>et</span> <span class='ocrx_word' id='word_1_257' title='bbox 1125 4003 1208 4061; x_wconf 90' lang='lat' dir='ltr'>mulis</span> <span class='ocrx_word' id='word_1_258' title='bbox 1229 4017 1358 4061; x_wconf 91' lang='lat' dir='ltr'>necnon</span> <span class='ocrx_word' id='word_1_259' title='bbox 1380 4005 1410 4060; x_wconf 93' lang='lat' dir='ltr'>et</span> <span class='ocrx_word' id='word_1_260' title='bbox 1423 3997 1546 4059; x_wconf 89' lang='lat' dir='ltr'>curribus</span> 
     </span>
     <span class='ocr_line' id='line_1_32' title="bbox 378 4103 1546 4185; baseline -0.004 -21"><span class='ocrx_word' id='word_1_261' title='bbox 378 4103 444 4164; x_wconf 89' lang='lat' dir='ltr'>urbi</span> <span class='ocrx_word' id='word_1_262' title='bbox 457 4104 604 4178; x_wconf 77' lang='lat' dir='ltr'>impurtsti</span> <span class='ocrx_word' id='word_1_263' title='bbox 619 4111 693 4165; x_wconf 88' lang='lat' dir='ltr'>suut.</span> <span class='ocrx_word' id='word_1_264' title='bbox 733 4108 788 4180; x_wconf 72' lang='lat' dir='ltr'>Qui</span> <span class='ocrx_word' id='word_1_265' title='bbox 802 4126 890 4167; x_wconf 91' lang='lat' dir='ltr'>unum</span> <span class='ocrx_word' id='word_1_266' title='bbox 905 4114 935 4168; x_wconf 90' lang='lat' dir='ltr'>et</span> <span class='ocrx_word' id='word_1_267' title='bbox 949 4113 1121 4185; x_wconf 89' lang='lat' dir='ltr'>perpetuum</span> <span class='ocrx_word' id='word_1_268' title='bbox 1134 4124 1187 4167; x_wconf 85' lang='lat' dir='ltr'>ver</span> <span class='ocrx_word' id='word_1_269' title='bbox 1201 4111 1254 4182; x_wconf 88' lang='lat' dir='ltr'>est,</span> <span class='ocrx_word' id='word_1_270' title='bbox 1269 4108 1295 4166; x_wconf 92' lang='lat' dir='ltr'>is</span> <span class='ocrx_word' id='word_1_271' title='bbox 1310 4105 1393 4166; x_wconf 93' lang='lat' dir='ltr'>nobis</span> <span class='ocrx_word' id='word_1_272' title='bbox 1408 4104 1546 4167; x_wconf 89' lang='lat' dir='ltr'>couscien-</span> 
     </span>
     <span class='ocr_line' id='line_1_33' title="bbox 377 4209 1546 4289; baseline -0.005 -19"><span class='ocrx_word' id='word_1_273' title='bbox 377 4209 434 4270; x_wconf 86' lang='lat' dir='ltr'>tias</span> <span class='ocrx_word' id='word_1_274' title='bbox 448 4216 562 4271; x_wconf 89' lang='lat' dir='ltr'>nostras</span> <span class='ocrx_word' id='word_1_275' title='bbox 580 4214 636 4272; x_wconf 91' lang='lat' dir='ltr'>rite</span> <span class='ocrx_word' id='word_1_276' title='bbox 654 4213 685 4271; x_wconf 92' lang='lat' dir='ltr'>in</span> <span class='ocrx_word' id='word_1_277' title='bbox 699 4217 849 4289; x_wconf 80' lang='lat' dir='ltr'>praeceptis</span> <span class='ocrx_word' id='word_1_278' title='bbox 869 4215 929 4274; x_wconf 89' lang='lat' dir='ltr'>suis</span> <span class='ocrx_word' id='word_1_279' title='bbox 950 4220 978 4274; x_wconf 89' lang='lat' dir='ltr'>et</span> <span class='ocrx_word' id='word_1_280' title='bbox 993 4217 1022 4274; x_wconf 93' lang='lat' dir='ltr'>in</span> <span class='ocrx_word' id='word_1_281' title='bbox 1038 4213 1152 4274; x_wconf 85' lang='lat' dir='ltr'>Christo</span> <span class='ocrx_word' id='word_1_282' title='bbox 1172 4214 1288 4272; x_wconf 88' lang='lat' dir='ltr'>vernari</span> <span class='ocrx_word' id='word_1_283' title='bbox 1302 4212 1409 4287; x_wconf 42' lang='lat' dir='ltr'>donetr</span> <span class='ocrx_word' id='word_1_284' title='bbox 1428 4226 1484 4285; x_wconf 89' lang='lat' dir='ltr'>quo</span> <span class='ocrx_word' id='word_1_285' title='bbox 1497 4223 1546 4268; x_wconf 89' lang='lat' dir='ltr'>nos</span> 
     </span>
     <span class='ocr_line' id='line_1_34' title="bbox 377 4300 1123 4393; baseline 0.005 -17"><span class='ocrx_word' id='word_1_286' title='bbox 377 4315 416 4377; x_wconf 91' lang='lat' dir='ltr'>ad</span> <span class='ocrx_word' id='word_1_287' title='bbox 431 4318 581 4392; x_wconf 87' lang='lat' dir='ltr'>antiquum</span> <span class='ocrx_word' id='word_1_288' title='bbox 595 4318 706 4378; x_wconf 89' lang='lat' dir='ltr'>dierum</span> <span class='ocrx_word' id='word_1_289' title='bbox 720 4300 783 4378; x_wconf 86' lang='lat' dir='ltr'>cum</span> <span class='ocrx_word' id='word_1_290' title='bbox 799 4316 900 4380; x_wconf 78' lang='lat' dir='ltr'>laetitia</span> <span class='ocrx_word' id='word_1_291' title='bbox 915 4321 1123 4393; x_wconf 85' lang='lat' dir='ltr'>perveniamus.</span> 
     </span>
    </p>

    <p class='ocr_par' dir='ltr' id='par_1_14' title="bbox 378 4423 1543 4797">
     <span class='ocr_line' id='line_1_35' title="bbox 465 4423 1543 4500; baseline -0.004 -18"><span class='ocrx_word' id='word_1_292' title='bbox 465 4423 492 4482; x_wconf 78' lang='lat' dir='ltr'>A</span> <span class='ocrx_word' id='word_1_293' title='bbox 507 4425 626 4497; x_wconf 80' lang='lat' dir='ltr'>prandio</span> <span class='ocrx_word' id='word_1_294' title='bbox 641 4425 775 4485; x_wconf 88' lang='lat' dir='ltr'>Liborius</span> <span class='ocrx_word' id='word_1_295' title='bbox 791 4432 820 4485; x_wconf 90' lang='lat' dir='ltr'>et</span> <span class='ocrx_word' id='word_1_296' title='bbox 834 4426 1024 4487; x_wconf 88' lang='lat' dir='ltr'>Wendelinus</span> <span class='ocrx_word' id='word_1_297' title='bbox 1041 4441 1144 4485; x_wconf 88' lang='lat' dir='ltr'>rmsus</span> <span class='ocrx_word' id='word_1_298' title='bbox 1155 4425 1375 4488; x_wconf 86' lang='lat' dir='ltr'>Atrebatensem</span> <span class='ocrx_word' id='word_1_299' title='bbox 1390 4423 1543 4500; x_wconf 85' lang='lat' dir='ltr'>requirunt,</span> 
     </span>
     <span class='ocr_line' id='line_1_36' title="bbox 378 4516 1029 4610; baseline 0.006 -23"><span class='ocrx_word' id='word_1_300' title='bbox 378 4528 428 4603; x_wconf 86' lang='lat' dir='ltr'>qui</span> <span class='ocrx_word' id='word_1_301' title='bbox 441 4545 532 4590; x_wconf 85' lang='lat' dir='ltr'>aureo</span> <span class='ocrx_word' id='word_1_302' title='bbox 546 4516 688 4604; x_wconf 81' lang='lat' dir='ltr'>promisso</span> <span class='ocrx_word' id='word_1_303' title='bbox 702 4532 830 4592; x_wconf 87' lang='lat' dir='ltr'>dederat.</span> <span class='ocrx_word' id='word_1_304' title='bbox 1026 4605 1029 4610; x_wconf 27' lang='grc' dir='ltr'>Ι</span> 
     </span>
     <span class='ocr_line' id='line_1_37' title="bbox 465 4632 1543 4713; baseline -0.003 -18"><span class='ocrx_word' id='word_1_305' title='bbox 465 4633 659 4710; x_wconf 78' lang='lat' dir='ltr'>Mmquardus</span> <span class='ocrx_word' id='word_1_306' title='bbox 686 4638 741 4699; x_wconf 84' lang='lat' dir='ltr'>bac</span> <span class='ocrx_word' id='word_1_307' title='bbox 761 4638 922 4712; x_wconf 86' lang='lat' dir='ltr'>septimana</span> <span class='ocrx_word' id='word_1_308' title='bbox 949 4654 1001 4700; x_wconf 93' lang='lat' dir='ltr'>nos</span> <span class='ocrx_word' id='word_1_309' title='bbox 1029 4639 1100 4700; x_wconf 92' lang='lat' dir='ltr'>nihil</span> <span class='ocrx_word' id='word_1_310' title='bbox 1126 4642 1256 4713; x_wconf 87' lang='lat' dir='ltr'>responsi</span> <span class='ocrx_word' id='word_1_311' title='bbox 1284 4643 1450 4713; x_wconf 81' lang='lat' dir='ltr'>sucepturos</span> <span class='ocrx_word' id='word_1_312' title='bbox 1476 4632 1543 4694; x_wconf 85' lang='lat' dir='ltr'>diri-</span> 
     </span>
     <span class='ocr_line' id='line_1_38' title="bbox 380 4736 1521 4797; baseline 0.004 -3"><span class='ocrx_word' id='word_1_313' title='bbox 380 4736 479 4797; x_wconf 90' lang='lat' dir='ltr'>nabat.</span> <span class='ocrx_word' id='word_1_314' title='bbox 1518 4755 1521 4762; x_wconf 91' lang='grc'><em>·</em></span> 
     </span>
    </p>

    <p class='ocr_par' dir='ltr' id='par_1_15' title="bbox 469 4841 1541 4926">
     <span class='ocr_line' id='line_1_39' title="bbox 469 4841 1541 4926; baseline 0.004 -26"><span class='ocrx_word' id='word_1_315' title='bbox 469 4841 582 4903; x_wconf 88' lang='lat' dir='ltr'>Deinde</span> <span class='ocrx_word' id='word_1_316' title='bbox 599 4843 716 4907; x_wconf 65' lang='lat' dir='ltr'>iratres?</span> <span class='ocrx_word' id='word_1_317' title='bbox 725 4854 754 4908; x_wconf 88' lang='lat' dir='ltr'>et</span> <span class='ocrx_word' id='word_1_318' title='bbox 771 4866 824 4924; x_wconf 83' lang='lat' dir='ltr'>ego</span> <span class='ocrx_word' id='word_1_319' title='bbox 845 4852 977 4910; x_wconf 91' lang='lat' dir='ltr'>comitem</span> <span class='ocrx_word' id='word_1_320' title='bbox 991 4849 1174 4911; x_wconf 88' lang='lat' dir='ltr'>Wilhelmum</span> <span class='ocrx_word' id='word_1_321' title='bbox 1193 4866 1281 4926; x_wconf 86' lang='lat' dir='ltr'>super</span> <span class='ocrx_word' id='word_1_322' title='bbox 1300 4850 1404 4925; x_wconf 91' lang='lat' dir='ltr'>scripto</span> <span class='ocrx_word' id='word_1_323' title='bbox 1419 4843 1541 4921; x_wconf 83' lang='lat' dir='ltr'>compro·</span> 
     </span>
    </p>
   </div>
   <div class='ocr_carea' id='block_1_9' title="bbox 0 0 1858 5692">
    <p class='ocr_par' dir='ltr' id='par_1_16' title="bbox 0 0 1858 5692">
     <span class='ocr_line' id='line_1_40' title="bbox 0 0 1858 5692; baseline 0 0"><span class='ocrx_word' id='word_1_324' title='bbox 0 0 1858 5692; x_wconf 95' lang='lat' dir='ltr'> </span> 
     </span>
    </p>
   </div>
  </div>
 </body>
</html>
