3700 5692
947 724 1011 789 tot

391 912 504 971 initium
518 909 620 987 capitis
643 912 681 969 13
702 906 833 982 eiusdem
853 906 983 981 epistolae
1003 904 1123 964 schoa:
1147 904 1244 963 Omnis
1263 906 1358 966 anima
1376 907 1553 983 potestatibus

392 1016 588 1091 superioribus
603 1015 642 1073 sit
656 1015 780 1075 subdita.
815 1012 901 1071 «Non
915 1015 960 1070 est
974 1011 1048 1069 euim
1063 1013 1202 1085 potestas,
1217 1011 1274 1069 nisi
1288 1028 1307 1071 a
1320 1010 1394 1086 Deo,
1417 1028 1480 1086 qua
1493 1030 1554 1073 sero

392 1125 460 1181 sunt
473 1124 640 1195 potestates,
654 1119 745 1179 aDeo
760 1118 901 1178 ordinata
916 1121 1002 1175 sunt«
1019 1119 1074 1173 eto.
1095 1115 1154 1175 Hic
1166 1114 1261 1189 primo
1276 1132 1360 1189 quum
1374 1118 1431 1177 lata
1445 1134 1476 1178 se
1489 1134 1554 1193 pra·

392 1231 504 1299 coptum
525 1224 597 1284 illud
618 1203 768 1297 ertendat,
791 1226 822 1282 et
841 1236 929 1295 quam
952 1234 1035 1279 nemo
1055 1219 1103 1278 hic
1127 1219 1302 1296 excipiatur,
1331 1223 1392 1283 siue
1412 1224 1554 1297 propheto,

392 1331 454 1390 sive
475 1330 635 1405 episcopus,
658 1330 719 1387 sive
737 1327 924 1401 Evangellsta
943 1330 1012 1399 etc,
1035 1326 1093 1385 imo
1113 1324 1167 1383 nbc
1184 1326 1319 1387 sacerdos
1339 1342 1393 1386 uec
1411 1327 1556 1387 monachus

392 1451 428 1493 ex
442 1433 471 1493 d.
488 1433 691 1507 chrysostomo
707 1437 736 1492 et
750 1433 815 1491 aliis
830 1430 956 1491 classicis
976 1446 1065 1489 saorae
1085 1429 1238 1504 theologias
1258 1431 1423 1491 doctoribus
1442 1432 1556 1491 edocuit.

392 1540 466 1599 Item
480 1547 545 1612 que
560 1552 648 1597 cansa
661 1537 857 1611 apostolorum
871 1534 909 1594 ad
923 1536 986 1594 haec
999 1540 1058 1595 tam
1079 1534 1155 1595 serio
1174 1535 1288 1608 agenda
1306 1536 1447 1609 adegerit.
1477 1536 1557 1596 Nimi-

393 1660 457 1703 rum
479 1640 556 1716 quod
577 1643 670 1701 exorti
692 1646 801 1716 esseut,
824 1641 874 1715 qui
893 1638 1051 1699 christiana
1069 1640 1205 1699 libertate
1227 1638 1265 1698 ad
1287 1638 1451 1728 libertatem
1472 1641 1558 1701 carnis

393 1747 474 1808 abuti
488 1747 675 1807 conabantur.
705 1745 821 1806 Diserte
836 1745 935 1819 ethic,
952 1759 1017 1818 quaa
1032 1759 1103 1804 vera
1117 1744 1154 1802 slt
1168 1742 1324 1803 christiana
1338 1743 1461 1804 libertas
1474 1750 1559 1805 osten·

394 1851 447 1926 dit,
470 1851 579 1911 scilicet
596 1868 650 1911 nos
668 1850 831 1911 meminisse
850 1864 903 1924 per
923 1846 1069 1909 Christum
1090 1849 1128 1909 sb
1146 1849 1293 1911 elementis
1312 1848 1412 1909 mundi
1434 1848 1524 1925 hujus,
1544 1866 1560 1908 a

395 1956 538 2030 Sathena,
560 1953 666 2013 mundo
689 1957 719 2013 et
739 1951 839 2012 inieris
860 1952 1015 2027 liberatos,
1044 1958 1074 2013 ot
1096 1952 1174 2028 quod
1196 1954 1227 2012 in
1250 1952 1366 2013 Christo
1387 1952 1560 2014 manentibus

395 2066 515 2137 peccatu
535 2060 667 2120 nocitura
685 2076 744 2119 nou
763 2059 831 2132 sint,
854 2072 889 2117 ac
909 2073 1080 2133 agnoscere,
1104 2073 1157 2118 nos
1176 2056 1284 2120 habere
1305 2058 1454 2119 Christum
1474 2074 1561 2133 regem

385 2166 589 2239 -ltboretorem,
613 2170 643 2223 et
661 2164 785 2224 eundem
804 2178 867 2223 esse
886 2162 1032 2223 dominum
1053 2162 1227 2238 coelestium,
1251 2158 1432 2224 terrestrium
1452 2168 1481 2225 et
1498 2162 1561 2223 iniu-

395 2286 503 2344 rorum,
526 2251 674 2330 sedentem
690 2268 729 2328 ad
743 2267 891 2328 dexteram
905 2268 1007 2343 patris.
1037 2268 1122 2327 Hsuc
1135 2273 1232 2328 autem
1252 2284 1315 2329 csse
1334 2267 1498 2347 libertatem
1512 2268 1562 2341 spi·

395 2377 483 2449 ntus,
506 2379 537 2433 et
557 2374 646 2449 igitur
668 2374 789 2434 maxine
812 2373 849 2433 oh
872 2371 1017 2433 Christum
1039 2373 1086 2432 vel
1108 2374 1186 2447 quod
1210 2373 1366 2433 Christiani
1387 2390 1498 2447 sumus,
1520 2390 1560 2431 su·

396 2478 558 2555 potioribus
577 2496 631 2539 uos
651 2479 768 2541 obedire
787 2479 893 2540 debaro
913 2482 968 2538 etc.
999 2477 1127 2537 Locutus
1149 2484 1194 2539 est
1214 2483 1244 2537 et
1262 2478 1298 2539 de
1312 2478 1357 2561 iis,
1382 2479 1434 2552 qui
1449 2493 1480 2538 ss
1493 2479 1562 2552 ipsos

395 2587 533 2645 immunes
552 2600 571 2642 a
587 2583 714 2657 jussibus
734 2584 896 2644 sublimium
917 2588 1094 2657 potestatum
1114 2580 1258 2657 focerunt,
1282 2582 1390 2643 scilicet
1408 2599 1487 2657 papa
1507 2599 1562 2643 cum

396 2690 457 2748 suis
472 2688 612 2764 episcopis
627 2693 658 2747 ot
671 2688 806 2762 quicquid
821 2704 1005 2763 squamarum
1020 2692 1064 2747 est
1083 2688 1168 2762 hujus
1188 2689 1327 2764 purpurei
1347 2687 1491 2764 draconis,
1513 2704 1564 2747 ma·

397 2809 455 2868 guo
467 2790 633 2866 reipublice
647 2790 811 2853 chdstiana
830 2792 974 2854 scandalo.
1005 2793 1046 2853 Et
1063 2798 1209 2867 postremo
1230 2799 1370 2866 qnatenus
1389 2793 1564 2869 magistratui

398 2896 437 2957 sit
454 2895 653 2957 obediendum.
683 2898 718 2956 In
732 2898 863 2961 omnibus
877 2896 1013 2958 uidelicet
1026 2898 1067 2958 eir
1082 2914 1146 2957 esse
1160 2896 1354 2971 praetendam
1367 2889 1563 2968 obedientiam,

386 3005 506 3077 'prcus
518 3002 550 3060 in
563 3001 617 3076 bis,
641 3018 706 3075 quae
720 3008 821 3063 eontra
834 3004 972 3063 honorem
991 3000 1098 3064 Christi
1117 3002 1296 3076 precipiunt,
1318 3001 1458 3075 idipsum
1478 3001 1564 3061 multis

398 3105 605 3183 scripturarum
618 3108 789 3167 testimoniis
809 3106 990 3168 confirmans.
1020 3106 1127 3166 Docuit
1146 3111 1175 3166 et
1194 3108 1325 3181 quisnam
1345 3106 1391 3181 sit,
1418 3108 1469 3181 qui
1487 3104 1565 3166 habet

398 3209 556 3271 hansfsrre
577 3226 669 3286 regua
686 3219 716 3272 et
735 3212 850 3273 auterre
870 3214 989 3289 spiritus
1008 3210 1184 3287 principum
1207 3212 1276 3272 itsm
1295 3216 1329 3271 ut
1342 3228 1407 3286 quae
1429 3212 1486 3272 Dei
1499 3211 1564 3283 Deo,

399 3311 464 3393 quud
490 3318 607 3376 ooesarb
632 3319 735 3377 casuri
760 3317 895 3378 darenm
916 3318 1002 3391 iuxta
1027 3317 1226 3391 prescriptum
1248 3317 1356 3377 domiui
1383 3317 1478 3377 nostri
1502 3316 1565 3377 Jesu

399 3421 520 3497 Christi,
543 3424 590 3481 cui
610 3438 674 3482 curn
688 3428 773 3497 putre
786 3426 817 3481 et
831 3438 855 3481 s.
871 3422 976 3495 spiritu
991 3423 1083 3481 omnis
1096 3424 1137 3481 sit
1150 3421 1243 3481 honos
1257 3425 1288 3479 et
1301 3420 1402 3495 gloria.

486 3526 664 3588 Aconcione
678 3528 790 3587 litteras
805 3526 833 3586 d.
849 3526 1016 3586 Melchioris
1036 3525 1073 3586 ab
1089 3526 1172 3600 Cssa,
1196 3526 1224 3585 d.
1246 3526 1384 3587 Udalrico
1405 3526 1565 3588 Mordsiseu

398 3633 513 3709 ipsimet
533 3630 695 3706 detulimus,
718 3636 855 3707 rogantes
874 3636 907 3691 ut
930 3637 960 3691 et
981 3630 1097 3691 easdem
1118 3631 1230 3703 dootmi
1252 3632 1359 3691 Joanni
1378 3630 1565 3704 Strombsrgio

396 3737 533 3813 legendas
549 3737 641 3798 daret.
671 3735 825 3797 Udalricus
839 3752 871 3795 se
885 3734 968 3795 nolis
985 3737 1139 3797 humanum
1154 3735 1297 3809 exhibuit;
1320 3736 1492 3796 contulimus
1501 3748 1564 3797 curu

399 3858 435 3902 eo
456 3841 492 3901 de
514 3842 666 3917 nonnullis,
690 3858 726 3902 ea
745 3849 842 3901 tamen
862 3841 928 3917 lego
951 3842 1107 3903 discessum
1129 3847 1188 3915 est,
1212 3847 1245 3901 ut
1266 3842 1350 3901 umbo
1373 3841 1506 3901 doctores
1525 3837 1565 3898 dis

398 3950 562 4021 opportuno
585 3962 638 4006 nos
662 3948 828 4007 inviserent.
867 3948 932 4006 Hoc
954 3953 1052 4008 tamen
1075 3948 1214 4022 expiscati
1238 3964 1351 4022 sumus,
1375 3948 1488 4006 irritam
1509 3943 1565 4004 lore

398 4050 631 4112 intercessionem
646 4052 726 4112 duom
740 4052 786 4111 sni
799 4051 940 4126 Mauritii,
964 4053 1014 4125 qui
1029 4068 1131 4112 novem
1146 4053 1323 4128 septimanas
1338 4054 1369 4111 in
1388 4052 1507 4127 propria
1519 4064 1565 4107 sua

399 4168 670 4229 causa-responsum
684 4157 810 4217 nancbci
830 4172 888 4217 non
908 4157 1043 4231 potuerit,
1065 4174 1134 4217 vere
1154 4158 1210 4233 ipsi
1234 4161 1267 4216 ιιι
1284 4157 1497 4217 ιὶιο’Μιιιιιίιιο
1516 4151 1564 4213 dici

398 4267 510 4336 posset:
527 4260 655 4336 'Medica
679 4265 816 4335 teipsum
834 4277 914 4321 cura.
1380 4248 1384 4261 ’

488 4366 600 4427 Eodem
621 4382 675 4442 per
703 4366 874 4425 dominicum
900 4370 1082 4427 trameuutes
1104 4366 1276 4429 Michaelem
1301 4366 1381 4425 illum
1407 4364 1444 4423 de
1472 4358 1564 4422 couir-

399 4470 524 4531 matione
546 4473 687 4545 papistica
708 4488 761 4531 sus
783 4472 1020 4531 sermocinantem
1043 4478 1082 4531 et·
1096 4470 1255 4532 audivimus
1279 4476 1309 4530 et
1331 4470 1463 4533 vidimus.
1502 4463 1564 4525 Rari

399 4580 495 4634 summ
513 4573 661 4635 auditores
680 4575 811 4635 aderaut.
850 4576 921 4636 Inda
941 4576 1090 4639 Liberium
1110 4577 1272 4651 invisimus,
1296 4576 1354 4649 qui,
1376 4574 1441 4635 Deo
1461 4570 1563 4648 mtiae,

399 4680 501 4738 melius
517 4678 625 4738 habere
640 4680 737 4757 coepit.

405 4861 407 4867 Ι
490 4781 611 4841 Fratres
634 4784 739 4859 nosti,
762 4783 950 4846 Wendelinus
978 4790 1008 4847 et
1032 4786 1152 4847 Lindius
1175 4803 1194 4846 a
1214 4783 1493 4848 Volokmurieusrhus
1513 4778 1563 4840 illis
