3700 5692
964 723 1027 788 102

412 911 484 969 siam
501 908 615 967 dimisit.
647 906 721 966 Erat
734 910 833 966 autem
847 906 985 980 templum
999 904 1215 973 refertissimum
1229 907 1379 981 utriusque
1393 924 1475 969 sexus
1487 908 1565 967 bomi-

412 1015 507 1089 uibus,
528 1015 570 1073 ita
591 1017 624 1072 ut
635 1011 719 1080 ,nihil
740 1010 877 1086 ponderis
897 1011 944 1070 vel
963 1010 1081 1071 Interim
1100 1011 1172 1071 illud
1194 1028 1247 1073 ιιι
1269 1014 1416 1089 pepisticse
1430 1014 1509 1073 mine
1528 1013 1567 1073 hio

413 1121 522 1181 habere
536 1116 696 1177 videantur.
718 1117 799 1176 Deua
814 1132 881 1175 suos
896 1121 926 1175 et
941 1115 1085 1191 adaugeat
1100 1122 1130 1177 et
1144 1115 1300 1177 confirmet.
1329 1099 1333 1105 ’

505 1225 585 1285 Nota
596 1230 693 1283 autem
717 1223 764 1282 hic
783 1239 892 1283 morem
911 1240 988 1297 esse,
1011 1227 1057 1297 ut,
1079 1222 1157 1296 quod
1171 1230 1303 1299 superest
1315 1224 1359 1284 -de
1373 1240 1447 1298 pune
1461 1227 1490 1283 et
1501 1221 1568 1295 vino,

415 1334 580 1391 reservetur
595 1333 633 1403 et,
650 1333 683 1386 ut
698 1327 811 1403 dicitur,
826 1327 940 1388 edituis
955 1327 990 1386 in>
1000 1344 1069 1395 usus
1085 1328 1256 1391 domesticos
1270 1328 1354 1404 cedit,
1374 1344 1432 1388 non
1447 1328 1504 1387 sine
1517 1344 1568 1387 ma·

415 1416 492 1495 ximo
514 1432 685 1508 simplicium
707 1430 889 1493 offendiculo.
926 1433 1052 1493 Possunt
1071 1438 1166 1493 tumen
1190 1434 1275 1507 bajus
1300 1432 1345 1509 (ut
1366 1426 1569 1508 ipsis-videtu)

416 1542 559 1601 radonem
572 1536 695 1599 reddere
709 1538 935 1597 concionatores.
972 1536 1066 1609 Nolle
1080 1537 1147 1597 huic
1160 1539 1274 1614 negotio
1288 1542 1383 1599 vestes
1399 1554 1486 1597 same
1499 1534 1570 1597 adbi-

416 1649 530 1719 beutor,
546 1660 600 1705 uec
613 1645 691 1708 cerei
705 1644 841 1704 ardentes
855 1643 902 1705 rel
917 1643 1065 1719 quippiam
1077 1640 1278 1705 consuetarum
1290 1643 1521 1717 cerimoniarum,
1529 1640 1572 1701 sed

419 1753 543 1829 populos
558 1750 614 1812 Dei
627 1750 659 1810 in
671 1750 785 1810 silentio
800 1756 831 1811 et
844 1766 896 1824 spe
911 1755 941 1812 et
954 1748 1055 1811 laetitia
1070 1748 1164 1809 cordis
1179 1750 1275 1811 omnia
1288 1748 1458 1825 peragebat
1479 1749 1572 1821 Boma-

419 1858 516 1919 neusis
531 1861 628 1917 ιιιιιι
642 1856 776 1931 populus,
791 1854 957 1929 imperator,
972 1870 1035 1929 rex,
1050 1855 1217 1930 purpurati,
1234 1856 1365 1915 crucibus
1380 1853 1463 1929 albis,
1486 1853 1573 1927 nigris,

420 1962 528 2034 rubeis,
543 1960 682 2021 viridibus
697 1960 804 2035 signati
817 1965 915 2033 patres
931 1974 995 2017 cum
1009 1959 1163 2033 episcopis,
1183 1958 1359 2034 principibus
1380 1965 1411 2021 et
1425 1958 1575 2036 proceribus

419 2084 491 2129 auro
506 2066 666 2143 phaleratis
680 2063 881 2125 asturconibus
896 2068 927 2123 et
940 2063 1024 2123 mods
1038 2067 1113 2125 vecti
1128 2081 1192 2125 com
1210 2064 1333 2125 terribili
1347 2068 1525 2125 taratuntors
1537 2066 1574 2121 tn·

422 2174 523 2234 barum
537 2176 568 2231 et
581 2176 783 2247 tympanorum
796 2169 921 2246 strepitu
935 2186 1021 2229 mano
1036 2175 1147 2231 armata
1162 2185 1220 2231 non
1233 2170 1339 2245 exigua
1352 2170 1453 2244 stipati
1467 2167 1574 2229 domini·

420 2294 485 2337 cum
499 2276 638 2352 Auguste
652 2280 764 2350 petunt,
780 2273 830 2334 ubi
844 2274 1077 2350 archiepiscopus
1087 2274 1265 2335 coloniensis
1280 2273 1406 2335 officium
1417 2272 1462 2351 (ut
1474 2270 1575 2346 vocant)

421 2383 517 2444 missae
532 2381 724 2457 celebrat-ibi
738 2385 893 2441 concentus
908 2383 939 2439 et
952 2379 1162 2441 modulationes
1172 2381 1260 2441 variae
1270 2386 1299 2441 et
1313 2380 1422 2439 clamor
1435 2380 1459 2441 it
1472 2379 1575 2449 celum

421 2489 656 2551 tumultuantium
669 2502 755 2548 voces
768 2487 876 2561 multae,
891 2484 1009 2559 spiritus
1023 2502 1188 2562 perparm
1320 2524 1324 2529 -

509 2592 696 2655 Reverendus
710 2589 775 2667 (sed
789 2591 847 2652 suis
860 2587 985 2665 tantum)
1006 2590 1136 2649 dominns
1150 2590 1277 2651 Michael
1290 2589 1518 2666 Mogontinensis
1530 2584 1578 2647 sul·

420 2699 576 2773 iragsnem
597 2698 673 2757 inter
696 2695 756 2755 alia
774 2711 834 2758 enee
852 2695 1065 2771 predicationis
1086 2697 1228 2770 preclara
1246 2695 1323 2756 dicte
1337 2695 1402 2757 Deo
1422 2694 1527 2771 gratias
1539 2692 1578 2767 agi

419 2802 517 2877 jubet,
540 2800 619 2875 quod
633 2815 669 2861 eo
683 2817 731 2861 res
746 2800 946 2875 devenissent,
968 2805 1002 2860 ut
1021 2816 1121 2859 rursus
1142 2817 1195 2875 pro
1216 2802 1308 2861 veteri
1323 2801 1452 2861 ecclesie
1466 2813 1577 2861 romanu

422 2907 589 2969 orthodoxe
609 2912 639 2967 et
661 2906 808 2967 catholice
828 2908 887 2969 ritu
910 2910 1120 2967 mmamentnm
1140 2904 1246 2979 populo
1268 2905 1322 2965 sub
1336 2923 1395 2967 unu
1409 2906 1504 2982 specie
1514 2918 1578 2977 pre

422 3014 493 3074 bere
505 3012 600 3073 liceat
638 3012 696 3074 Sed
709 3013 749 3073 sit
762 3028 831 3073 auus
846 3013 976 3087 scrophoe
990 3010 1086 3073 foetus.
1125 3009 1256 3071 Christus
1275 3012 1337 3084 ipse
1357 3027 1441 3087 suam
1455 3006 1578 3071 deiende

419 3118 552 3193 gloriam

512 3223 634 3287 Domine
647 3224 728 3299 Jesu,
744 3225 908 3285 dominator
927 3222 1042 3285 domine
1056 3228 1087 3283 et
1100 3240 1154 3283 rex
1168 3238 1278 3299 regum,
1295 3224 1345 3299 qui
1360 3222 1445 3285 nobis
1460 3221 1495 3282 de
1508 3217 1576 3281 boni·

422 3333 484 3391 tate
497 3334 549 3393 tua
561 3346 667 3406 magna
686 3330 773 3391 bodie
786 3329 953 3389 memoriam
967 3330 1104 3404 prestitse
1123 3334 1182 3389 tuse
1189 3330 1389 3405 promissionis
1403 3330 1441 3390 de
1455 3322 1578 3389 mittendo

423 3436 528 3511 spiritu
540 3439 591 3495 ιιι
604 3436 752 3510 paracleto
773 3434 937 3509 benigniter
955 3434 1114 3509 innovasti,
1136 3439 1167 3495 ιι
1181 3434 1326 3503 humiliter
1341 3432 1533 3509 deprecamur,
1552 3431 1579 3489 ιι

422 3541 474 3617 qui
493 3542 616 3603 eundem
638 3546 720 3605 tuum
739 3540 871 3615 spiritum
886 3540 1024 3614 apostolis
1038 3540 1096 3599 tuis
1115 3540 1288 3599 unanimiter
1309 3540 1490 3615 congregatis
1508 3538 1579 3611 jum

424 3647 574 3708 veritatem
596 3652 675 3707 tuam
694 3646 812 3720 misisti,
833 3645 872 3705 da
891 3649 922 3705 et
938 3645 1023 3705 uobis
1045 3624 1152 3705 iu'hoo
1172 3647 1276 3723 spiritu
1290 3662 1379 3705 uuum
1393 3652 1425 3705 et
1439 3643 1579 3716 cademot

422 3756 499 3813 nont
516 3732 638 3811 ecclesia
655 3752 778 3825 trajam
792 3750 882 3812 multo
900 3756 1031 3827 tempore
1050 3750 1089 3811 ad
1104 3757 1132 3811 te
1155 3752 1275 3827 ιιιιιιι,
1299 3758 1380 3813 recta
1398 3766 1507 3827 sspere.
1541 3746 1579 3807 Da

422 3858 492 3931 igne
507 3841 614 3916 amoris
636 3857 699 3929 ejus
722 3855 812 3917 eorda
832 3859 933 3916 noatm
954 3856 1165 3931 accendentur,
1191 3872 1228 3917 ne
1248 3859 1280 3917 in
1298 3857 1381 3918 nobis
1403 3858 1452 3918 vel
1465 3854 1579 3917 esame

422 3959 547 4021 charitas
568 3956 752 4035 refrigescat,
776 3961 822 4021 vel
841 3958 915 4021 fides
929 3958 1053 4023 deficiat.
1090 3962 1151 4023 Dat
1164 3968 1195 4023 et
1209 3964 1241 4023 in
1254 3963 1400 4037 prosperis
1421 3967 1452 4021 et
1465 3956 1578 4021 adversis

370 4110 374 4116 .
422 4065 508 4139 buius
521 4064 663 4139 paracleti
688 4065 900 4139 suggestionem
922 4066 1047 4139 experiri
1067 4074 1097 4128 ιι
1116 4068 1153 4128 de
1172 4068 1233 4142 ejus
1248 4067 1446 4127 consolatione-
1456 4064 1577 4141 gaudee.

421 4170 452 4229 Is
465 4169 583 4244 spiritns
598 4175 665 4230 tuus
678 4170 838 4247 bonusnos
852 4171 882 4231 iu
896 4186 1009 4231 omnem
1024 4174 1184 4248 veritatem,
1209 4174 1283 4233 sicut
1296 4172 1463 4253 promisisti,
1479 4187 1496 4230 o
1509 4182 1578 4229 vere

421 4276 534 4335 cissinm
548 4275 628 4350 ιΙιιι,
641 4276 768 4336 deducat
781 4279 937 4351 rogatque,
962 4276 1077 4337 utboni
1092 4282 1122 4337 et
1135 4278 1207 4337 recti
1222 4278 1309 4339 corde
1323 4273 1495 4351 efficiamur,
1509 4278 1536 4333 et
1549 4286 1579 4330 ne

422 4386 486 4439 ate
500 4380 677 4441 declinantes
691 4381 730 4440 ad
752 4380 818 4440 avia
833 4383 863 4439 ιι
876 4381 1036 4455 crepundia
1055 4381 1156 4442 mundi
1178 4382 1264 4457 hujus
1287 4398 1324 4441 ne
1338 4400 1357 4443 a
1371 4387 1399 4441 te
1415 4398 1480 4441 cum
1497 4376 1578 4451 impiis

418 4484 588 4559 judicemur.
627 4484 685 4547 Sed
705 4485 744 4545 sit
762 4485 844 4545 nobis
864 4486 895 4574 in
909 4490 939 4545 tu
953 4501 1011 4559 pax
1025 4502 1111 4561 snper
1125 4486 1231 4560 lsrael,
1256 4502 1314 4563 pax
1327 4486 1437 4559 cordis,
1453 4502 1509 4561 pas
1522 4496 1578 4543 oon-

423 4590 560 4663 scientise,
575 4604 633 4662 par
646 4592 794 4665 temporis.
848 4590 920 4666 Hoc,
936 4592 1064 4666 inquam,
1079 4592 1241 4667 benigniter
1254 4597 1393 4664 prestare
1408 4589 1532 4665 digneris
1544 4590 1577 4655 ιι,

423 4692 495 4769 lesu
509 4691 638 4767 Christe,
660 4694 706 4753 cui
726 4694 796 4755 data
814 4699 860 4755 ast
879 4698 971 4755 omnis
994 4701 1120 4771 potestas
1144 4696 1175 4755 in
1188 4694 1263 4757 coelo
1285 4701 1315 4755 ιι
1328 4697 1358 4755 ιι
1373 4700 1462 4770 terre,
1486 4693 1577 4769 quique

426 4801 563 4868 venturos
579 4812 610 4856 es
620 4797 754 4870 judicare
768 4798 846 4859 vivos
860 4804 890 4859 et
904 4804 1033 4863 mortuos
1047 4807 1077 4861 et
1090 4800 1216 4865 seculum
1231 4816 1285 4876 per
1298 4802 1401 4877 ignem.
