3700 5692
410 737 471 799 164
584 728 611 785 J.
631 722 903 783 LAUREMBERGS
922 721 1046 778 LEBEN
1064 720 1140 777 UND
1160 720 1371 780 sonamite.

613 882 749 953 Φολλοχὸῳ
767 882 803 934 {ri
820 885 886 949 μηνὶ,
904 879 1029 934 subductos
1047 878 1131 940 νυκτὸς
1148 877 1239 957 dandal

612 966 756 1043 Ἐγκυκλίοις
773 970 852 1037 δίνῃσι
868 968 1014 1040 περιθρὸνιοι
1032 971 1183 1021 suadebatur·

612 1060 706 1117 Kitios
723 1056 747 1110 δ’
763 1057 899 1125 {scripsitque
916 1055 1086 1127 λεθοοερῶτοιο
1103 1059 1197 1125 aeolice,

613 1146 778 1219 Κορποτδκου
794 1144 870 1206 τύπος
887 1145 936 1212 ἣτις
954 1146 997 1213 ἔφυ
1015 1142 1113 1215 χθονδς,
1132 1147 1226 1216 αἰθέρος
1244 1143 1321 1198 adesir.

606 1234 695 1289 Ἔνθα
712 1234 768 1295 dede
786 1235 892 1305 σώτειρα,
911 1233 970 1295 Aede
987 1238 1072 1297 ξενίοιο
1090 1234 1210 1306 πδρεδρος,

613 1321 661 1375 Ἐν
678 1321 758 1393 δρδνφ
775 1321 891 1392 ἶδρδσασα
908 1326 997 1391 φοείνῳ
1014 1320 1147 1391 σιγαλόεντι

614 1409 739 1479 Pasippus
756 1415 892 1477 κοθοβῇοιν
909 1407 947 1462 aiei
965 1408 997 1463 ra'
1016 1409 1105 1462 δέοντο
1122 1409 1241 1481 βραβεύει.

611 1500 732 1567 Κνδλὴνης
750 1498 779 1551 δὲ
795 1498 885 1566 μέδων,
898 1498 919 1551 o‘
936 1497 1060 1568 διάκτορος
1076 1496 1240 1569 Ἀργειφόντης

609 1585 733 1656 Εὖπορίερν
750 1586 845 1649 ἓδίδοξε
862 1591 963 1647 πολίτας
979 1586 1175 1659 κορθεροδδμοος

612 1672 783 1741 Ποντοδοπῆν
800 1679 903 1735 πυκινῶς
920 1671 943 1726 τ’
962 1670 1106 1744 α’νογίνεμεν
1124 1670 1183 1727 ὤνια
1199 1676 1277 1729 πολλοὶ

614 1762 705 1833 Χοῖρον
722 1762 749 1815 ἓν
766 1770 874 1831 σκιεροῖο,
892 1762 937 1814 τόν
955 1759 985 1814 οὗ
1002 1761 1076 1833 usipus
1094 1765 1194 1833 ἔλλαχεν
1211 1762 1285 1836 α’νὴρ·

614 1855 724 1911 Πλοῦτος
741 1848 766 1904 δ’
782 1843 814 1903 αὖ
830 1848 958 1923 α’μέριοτον
978 1852 1043 1921 ἔχων
1060 1848 1200 1923 οἷχδροετον
1216 1848 1326 1919 δπωπῆν,

612 1938 748 2008 Πάνδημος
765 1944 859 2010 πορίων
875 1940 1039 1997 novimbris
1053 1939 1125 2008 ἳχνος
1140 1935 1232 1991 ε’λδοσεε.

613 2121 674 2184 Ipes
690 2133 750 2168 vero
769 2119 851 2168 adhuc
867 2120 895 2167 in
914 2117 1014 2181 capillis
1031 2120 1125 2169 babens
1144 2120 1246 2169 mollem
1265 2134 1388 2185 spumam,

602 2204 740 2273 'Regressa
758 2213 797 2256 est
815 2207 847 2255 sd
865 2220 964 2267 nauem,
984 2221 1108 2270 suumque
1126 2210 1233 2270 perfecit
1250 2212 1305 2272 lter,

554 2283 559 2296 ’
615 2296 787 2346 Occidentalis
805 2296 928 2345 festinans
948 2295 979 2344 ad
999 2310 1076 2345 comu
1095 2296 1196 2357 Oceani,

616 2381 700 2437 Abos
716 2387 878 2447 vorticosum,
896 2384 971 2433 Jouis
992 2388 1136 2433 coronatam
1153 2386 1261 2435 vndamt

616 2477 657 2524 lix
675 2478 747 2537 cujus
766 2472 868 2538 hispidi
885 2475 1015 2537 prolluunt
1031 2474 1108 2523 barbi

613 2562 784 2625 scaturigines
800 2564 911 2613 fluulaiis
930 2568 1007 2626 potus
1025 2568 1051 2612 et
1067 2564 1173 2627 pulchra
1190 2564 1287 2617 balnea.

615 2654 691 2703 Hunc
707 2657 799 2715 sutem,
818 2653 861 2701 rbi
878 2651 1041 2714 ascendisset,
1062 2666 1148 2701 cauam
1166 2653 1287 2717 prudenti
1304 2658 1357 2703 srte

614 2740 709 2789 Nauem
728 2740 847 2801 dirigens,
865 2742 1001 2802 urbemque
1019 2742 1167 2790 accessisset
1187 2741 1307 2801 diuinam,

615 2828 762 2877 Firmabant
778 2829 807 2877 in
824 2833 900 2892 portu
918 2827 1047 2889 rudentes,
1066 2834 1091 2877 et
1109 2828 1206 2878 velocia
1227 2828 1412 2891 complicsbant

613 2917 686 2965 Vela.
721 2915 788 2963 Filia
807 2918 891 2963 autem
908 2915 983 2964 Jouis
1001 2916 1088 2965 Venus
1106 2917 1218 2977 ingresse
1237 2920 1275 2964 est
1294 2915 1417 2965 celebrem
1436 2918 1532 2979 vrbem,

617 2999 733 3055 limam
750 3003 891 3064 sublimem,
910 3015 985 3064 quarn
1004 3004 1052 3051 viri
1070 3004 1190 3051 mortales
1209 3009 1298 3067 postea

614 3085 774 3144 Hammonis
791 3091 952 3156 appellsmnt
970 3093 1125 3141 curuicomis
1143 3092 1264 3154 inclytam
1283 3104 1378 3145 arcem.

614 3269 679 3317 Heio
697 3268 794 3332 oppido
812 3268 981 3316 admirabatur
997 3282 1114 3330 magnum
1132 3270 1250 3317 thronum
1268 3268 1481 3317 conscendentem

616 3357 742 3417 Senatum,
761 3354 882 3419 prudenti
900 3356 1011 3404 animum
1029 3357 1160 3405 habentem
1178 3356 1258 3404 menti
1273 3357 1451 3419 compositum,

614 3446 651 3493 Vt
667 3443 837 3506 gubernacula
854 3446 901 3492 rite
918 3448 1004 3493 teneat
1020 3446 1089 3493 vrbis
1108 3449 1133 3493 et
1150 3446 1257 3507 imperet
1274 3446 1345 3507 viris,

615 3533 684 3593 Quot
701 3534 765 3582 iolla
780 3534 850 3582 humi
869 3532 989 3583 decussae
1008 3532 1102 3582 cadunt
1119 3533 1200 3582 siluas
1340 3515 1343 3523 ’

613 3622 760 3671 Autumnali
777 3622 806 3669 in
823 3612 917 3681 mense,
937 3624 963 3670 st
980 3624 1042 3684 quot
1057 3605 1143 3670 noctis
1162 3622 1266 3669 comitae

617 3709 738 3759 Oirculari
755 3712 851 3758 vortice
868 3711 896 3758 in
913 3722 1002 3772 gyrum
1020 3710 1173 3758 volutentur.

579 3839 581 3844 ,
614 3796 832 3846 Pulchritudinem
851 3811 909 3846 vero
928 3799 1064 3847 mirabatur
1081 3810 1232 3845 msrmorsse
1251 3797 1327 3857 vrbis,

618 3883 688 3946 Quae
705 3889 745 3933 est
761 3874 896 3947 frugiferae
913 3891 989 3949 typus
1008 3888 1088 3934 terrae
1107 3889 1182 3948 atque
1199 3885 1307 3933 aetheris
1326 3884 1417 3944 imago.

614 3975 680 4023 Helo
696 3975 752 4024 Dea
769 3964 901 4036 seruatur,
920 3974 995 4024 Jouis
1015 3974 1148 4037 hospitalia
1168 3988 1259 4035 comes,

616 4063 647 4111 In
665 4064 731 4112 solio
749 4063 841 4112 sedens
859 4064 997 4125 conspicuo
1018 4063 1127 4124 sublimi,

614 4150 688 4201 Puris
707 4152 841 4200 sententiis
858 4156 982 4214 perpetuo
998 4154 1055 4213 jura
1073 4151 1244 4201 administrat:

617 4220 734 4301 Cyllenes
752 4253 812 4288 vero
829 4253 882 4301 rex,
901 4242 1022 4289 nunctius
1040 4238 1160 4300 Argioids

615 4327 780 4375 Mercatursm
798 4325 888 4375 docuit
905 4328 975 4375 ciues
997 4325 1139 4389 intrepidos

616 4414 787 4481 omnigenam,
807 4414 995 4477 prudenterque
1012 4414 1137 4462 aduehere
1155 4426 1249 4462 merces
1266 4414 1359 4463 multas

615 4504 729 4563 Bsgione
748 4515 780 4549 ex
798 4501 911 4562 obscuri,
932 4515 1007 4564 quam
1024 4503 1096 4564 prius
1114 4514 1165 4550 non
1182 4504 1298 4550 tenuerat
1316 4504 1456 4565 quisquam.

614 4590 707 4640 Plutus
724 4594 808 4639 sutem
826 4590 960 4638 confusum
977 4590 1080 4639 habene·
1091 4594 1116 4637 et
1132 4602 1184 4637 non
1202 4590 1329 4650 signatum
1349 4590 1458 4651 oculum,

615 4677 761 4739 Populatim
778 4680 835 4728 heio
852 4679 992 4741 ambulans,
1012 4678 1177 4728 errabundum
1195 4679 1331 4739 vestigium
1348 4678 1433 4729 trahit.
