3700 5692
726 694 968 765 summorum.
1380 698 1421 769 aa

320 860 430 929 adum
452 857 558 939 magis
578 857 743 939 magisque
765 874 899 939 serpens
922 874 1023 939 aegra
1042 858 1158 925 circum
1181 858 1305 927 viscera

356 965 486 1030 morbus
509 969 687 1029 extremum
709 963 860 1042 minatur,
883 963 968 1046 qnod
991 963 1077 1045 capit
1100 964 1289 1045 mortalitas,

250 1109 253 1113 ι
357 1089 405 1135 me
427 1071 552 1137 caduca
573 1088 650 1151 spes
671 1069 759 1134 inani
783 1069 978 1152 derelinquit
1000 1071 1124 1135 omine:

358 1182 433 1242 ante
459 1194 522 1241 non
548 1180 643 1241 notas
666 1192 824 1241 novercae
846 1176 943 1240 sortis
966 1175 1114 1257 experior
1136 1175 1229 1241 vices.

357 1280 417 1359 Qui
440 1280 534 1363 prius
558 1280 726 1361 stridebat,
748 1280 824 1360 igne
846 1280 953 1346 sobrio
976 1280 1088 1347 lucens
1112 1278 1211 1361 focus,

315 1404 439 1455 munuc
463 1387 571 1452 cibum
592 1391 723 1451 tenuem
743 1386 916 1466 ministrat,
941 1405 1016 1452 acre
1039 1404 1171 1469 pressus
1195 1406 1258 1452 non
1282 1407 1368 1469 meo;

353 1491 405 1557 vix
430 1492 503 1557 dies
525 1511 545 1557 a
567 1492 760 1558 creditorum
783 1491 879 1573 plebe
900 1510 1021 1575 paucos
1045 1494 1190 1575 irnpetro.

394 1597 471 1663 Non
496 1597 573 1663 milri
595 1602 653 1662 aut
675 1598 817 1679 superba
838 1598 938 1663 restis
963 1602 1020 1662 aut
1043 1600 1167 1664 catinus
1192 1600 1325 1682 dapsilis

354 1708 410 1767 aut
433 1702 550 1767 domus
573 1702 720 1783 neglecta
743 1721 820 1769 cura
842 1703 970 1785 peperit
991 1701 1050 1770 hoc
1074 1704 1285 1788 dispendium,

354 1808 410 1874 sed
437 1808 571 1875 dolosae
593 1807 719 1874 fraudis
742 1826 856 1891 expers
879 1812 994 1890 pectus
1017 1815 1050 1875 et
1073 1830 1162 1876 mens
1186 1813 1322 1897 integra,

311 1932 410 1984 sorec
435 1932 531 1981 sacro
554 1915 679 1981 venalis
702 1933 783 1979 auro
806 1933 866 1981 nec
888 1913 1057 1997 redempta
1079 1914 1263 1999 honoribus,

353 2021 411 2087 sed
437 2036 497 2087 suo
519 2025 672 2086 contenta
693 2019 771 2085 lato.
814 2019 921 2086 Mater
945 2020 1025 2087 haec
1048 2020 1155 2088 damni
1179 2022 1249 2105 luit,

355 2128 480 2209 optima
501 2131 552 2193 est
575 2128 670 2193 enixa
689 2127 812 2209 prolem
835 2128 1008 2208 pessimam
1031 2146 1221 2209 puerpera..

354 2232 491 2299 Publica
514 2234 650 2299 accessit
672 2233 814 2316 procella
836 2234 1014 2315 derepente
1036 2234 1068 2297 in
1093 2233 1227 2301 Daniam

354 2339 423 2405 tale
449 2338 494 2403 nil
517 2339 687 2423 quicquam
709 2340 874 2406 timentem
899 2339 1066 2404 detonans.
1112 2339 1200 2407 Mars
1222 2342 1348 2426 impius,

312 2446 431 2515 rodum
454 2444 510 2526 pia
531 2444 641 2511 obiicit
661 2442 797 2526 prolano
819 2444 914 2509 militi
938 2443 1107 2524 stipendia,

355 2550 485 2617 Palladi
507 2551 625 2616 minuit
646 2551 803 2634 pudorem
824 2551 953 2632 vimque
977 2549 1079 2616 Musis
1102 2550 1220 2633 intulit,

359 2663 473 2723 sancta
495 2675 618 2737 regum,
641 2656 701 2722 diis
723 2661 851 2723 sacrata
874 2655 959 2721 dona
982 2656 1015 2721 in
1041 2657 1148 2722 alvum
1171 2678 1348 2743 congerens

359 2762 489 2828 urbium
513 2766 640 2828 centum
665 2778 825 2843 capacem,
849 2765 919 2825 tota
941 2762 1123 2827 sorbentem
1148 2763 1274 2845 oppidu.

360 2868 443 2934 Exul
467 2886 546 2949 erga
569 2867 643 2933 diua
665 2867 784 2948 nutrix,
806 2866 929 2949 praeda
951 2866 1056 2947 Marti,
1081 2866 1196 2933 detulit

320 2976 463 3041 tumulto
486 2993 604 3054 secum,
628 2973 704 3039 nixa
725 2974 817 3057 queis
839 2978 906 3039 stat
927 2973 1037 3038 liberis
1060 2974 1140 3039 uber
1162 2972 1283 3040 domus

362 3079 448 3146 Pone
474 3078 650 3145 Gradivum
674 3083 786 3145 secuta
808 3082 859 3144 est
880 3077 945 3158 illa,
969 3096 1050 3161 quae
1073 3096 1131 3143 ceu
1153 3080 1309 3161 pestilens

367 3185 449 3250 sidus
473 3202 585 3250 omnes
608 3184 694 3251 orbis
717 3202 791 3249 oras
814 3181 912 3263 afflat,
937 3189 1026 3249 arcta
1050 3181 1183 3250 Caritas.

365 3289 431 3369 Quo
453 3308 550 3372 mage
573 3308 734 3355 annonam
757 3288 903 3370 flagellat
925 3307 999 3353 rara
1021 3290 1144 3370 messis
1168 3290 1228 3357 hoc
1249 3295 1349 3376 magis

365 3393 470 3462 deficit
492 3380 595 3461 Musis
618 3396 768 3476 dicatum,
792 3395 934 3476 sumptui
956 3394 1068 3475 impar,
1091 3396 1277 3476 praemium.

321 3499 444 3570 colline
467 3505 605 3582 penates
626 3501 810 3567 imminutos
833 3500 944 3583 pulsat
967 3500 1158 3581 indigentia,

365 3625 484 3691 aesque
507 3607 606 3689 penui
630 3607 824 3673 destinatum
848 3605 1033 3671 foenerator
1055 3605 1181 3687 abripit.

409 3713 444 3779 si
466 3713 544 3796 quid
567 3730 586 3777 e
608 3712 697 3777 tenui
721 3711 824 3777 salino
846 3728 946 3793 parca
968 3708 1112 3791 seposuit
1134 3728 1259 3791 manus,

364 3818 398 3883 id
420 3819 481 3885 sibi
505 3817 650 3899 deposcit
672 3834 765 3882 omne
786 3816 1029 3898 pharmacorum
1054 3814 1208 3896 conditor,

367 3942 484 3989 aureae
507 3928 648 3988 structor
669 3922 819 4003 popinae,
842 3938 967 4001 gnavus
990 3918 1195 4001 Hippocratis
1219 3940 1347 4007 coquus.

323 4026 520 4097 osSanitatis
544 4047 562 4094 e
584 4028 722 4094 taberna
743 4027 860 4092 missus
884 4026 1015 4091 advolat
1036 4044 1126 4107 puer,

367 4152 443 4201 voce
465 4133 547 4199 solvi
569 4134 763 4218 turbulenta,
788 4134 858 4199 iure
881 4134 992 4199 stricto
1015 4135 1183 4215 postulans

310 4306 318 4317 ‚
367 4241 414 4303 tot
436 4244 638 4321 receptarum
662 4238 822 4323 cylindros
845 4243 955 4322 totque
979 4238 1103 4304 dosium
1127 4241 1260 4320 codices,

367 4347 415 4408 tot
436 4362 583 4427 syrupos,
606 4348 655 4409 tot
677 4344 851 4410 trochiscos
875 4362 1052 4427 urceosque
1075 4344 1287 4427 ecligmntum,

271 4486 277 4496 -
369 4451 535 4533 morsulos,
557 4450 695 4529 tabulas,
718 4448 818 4529 elixir,
840 4448 1001 4530 pulveres,
1025 4450 1264 4530 cataplasmata,

326 4556 416 4621 dotot
437 4556 603 4623 catharses
625 4555 659 4619 in
681 4554 819 4637 patellis,
842 4555 874 4619 in
899 4555 1031 4621 cucullis
1052 4553 1190 4636 pillulas,

370 4666 447 4743 quot
468 4668 589 4744 queant
612 4664 695 4729 ciere
718 4669 841 4745 septem
865 4664 1055 4730 rusticorum
1078 4661 1233 4743 pantices,

372 4764 441 4847 hen,
465 4768 560 4836 nimis
581 4769 725 4851 pretiosa
746 4787 879 4838 mensae
900 4768 1051 4851 pauperis
1073 4765 1250 4834 ientacula!
