<?xml version="1.0" encoding="UTF-8"?>
<!DOCTYPE html PUBLIC "-//W3C//DTD XHTML 1.0 Transitional//EN"
    "http://www.w3.org/TR/xhtml1/DTD/xhtml1-transitional.dtd">
<html xmlns="http://www.w3.org/1999/xhtml" xml:lang="en" lang="en">
 <head>
  <title>
</title>
<meta http-equiv="Content-Type" content="text/html;charset=utf-8" />
  <meta name='ocr-system' content='tesseract 3.04.00' />
  <meta name='ocr-capabilities' content='ocr_page ocr_carea ocr_par ocr_line ocrx_word'/>
</head>
<body>
  <div class='ocr_page' id='page_1' title='image "./scherzgedichte01laurgoog_0450.png"; bbox 0 0 3700 5692; ppageno 0'>
   <div class='ocr_carea' id='block_1_1' title="bbox 860 722 925 789">
    <p class='ocr_par' dir='ltr' id='par_1_1' title="bbox 860 722 925 789">
     <span class='ocr_line' id='line_1_1' title="bbox 860 722 925 789; baseline 0 0"><span class='ocrx_word' id='word_1_1' title='bbox 860 722 925 789; x_wconf 77' lang='lat' dir='ltr'><strong>tot</strong></span> 
     </span>
    </p>
   </div>
   <div class='ocr_carea' id='block_1_2' title="bbox 304 903 1475 986">
    <p class='ocr_par' dir='ltr' id='par_1_2' title="bbox 304 903 1475 986">
     <span class='ocr_line' id='line_1_2' title="bbox 304 903 1475 986; baseline 0.008 -22"><span class='ocrx_word' id='word_1_2' title='bbox 304 920 370 964; x_wconf 87' lang='lat' dir='ltr'><strong>enm</strong></span> <span class='ocrx_word' id='word_1_3' title='bbox 385 904 525 965; x_wconf 85' lang='lat' dir='ltr'><strong>accedere</strong></span> <span class='ocrx_word' id='word_1_4' title='bbox 539 903 700 977; x_wconf 82' lang='lat' dir='ltr'><strong>uolentibus</strong></span> <span class='ocrx_word' id='word_1_5' title='bbox 715 906 828 965; x_wconf 83' lang='lat' dir='ltr'><strong>obviam</strong></span> <span class='ocrx_word' id='word_1_6' title='bbox 842 903 935 965; x_wconf 83' lang='lat' dir='ltr'><strong>factm</strong></span> <span class='ocrx_word' id='word_1_7' title='bbox 950 909 1005 967; x_wconf 87' lang='lat' dir='ltr'><strong>ait:</strong></span> <span class='ocrx_word' id='word_1_8' title='bbox 1022 907 1122 981; x_wconf 67' lang='lat' dir='ltr'><strong>Quid?</strong></span> <span class='ocrx_word' id='word_1_9' title='bbox 1132 924 1199 969; x_wconf 90' lang='lat' dir='ltr'><strong>num</strong></span> <span class='ocrx_word' id='word_1_10' title='bbox 1213 926 1265 971; x_wconf 84' lang='lat' dir='ltr'><strong>vos</strong></span> <span class='ocrx_word' id='word_1_11' title='bbox 1276 913 1409 986; x_wconf 79' lang='lat' dir='ltr'><strong>querelas</strong></span> <span class='ocrx_word' id='word_1_12' title='bbox 1424 914 1475 973; x_wconf 91' lang='lat' dir='ltr'><strong>ad-</strong></span> 
     </span>
    </p>
   </div>
   <div class='ocr_carea' id='block_1_3' title="bbox 299 1004 1480 4866">
    <p class='ocr_par' dir='ltr' id='par_1_3' title="bbox 299 1004 1478 1926">
     <span class='ocr_line' id='line_1_3' title="bbox 303 1004 1476 1090; baseline 0.011 -25"><span class='ocrx_word' id='word_1_13' title='bbox 303 1004 408 1069; x_wconf 77' lang='lat' dir='ltr'><strong>fertis?</strong></span> <span class='ocrx_word' id='word_1_14' title='bbox 423 1009 489 1069; x_wconf 83' lang='lat' dir='ltr'><strong>dam</strong></span> <span class='ocrx_word' id='word_1_15' title='bbox 503 1012 600 1069; x_wconf 83' lang='lat' dir='ltr'><strong>auimo</strong></span> <span class='ocrx_word' id='word_1_16' title='bbox 613 1015 770 1071; x_wconf 76' lang='lat' dir='ltr'><strong>statuerim</strong></span> <span class='ocrx_word' id='word_1_17' title='bbox 784 1013 846 1084; x_wconf 87' lang='lat' dir='ltr'><strong>ipsa</strong></span> <span class='ocrx_word' id='word_1_18' title='bbox 860 1013 1006 1086; x_wconf 79' lang='lat' dir='ltr'><strong>egovobis</strong></span> <span class='ocrx_word' id='word_1_19' title='bbox 1020 1016 1128 1085; x_wconf 88' lang='lat' dir='ltr'><strong>scripta</strong></span> <span class='ocrx_word' id='word_1_20' title='bbox 1143 1014 1287 1090; x_wconf 81' lang='lat' dir='ltr'><strong>exbibens,</strong></span> <span class='ocrx_word' id='word_1_21' title='bbox 1303 1024 1417 1090; x_wconf 88' lang='lat' dir='ltr'><strong>quantis</strong></span> <span class='ocrx_word' id='word_1_22' title='bbox 1432 1022 1476 1078; x_wconf 90' lang='lat' dir='ltr'><strong>in·</strong></span> 
     </span>
     <span class='ocr_line' id='line_1_4' title="bbox 299 1114 1476 1199; baseline 0.008 -26"><span class='ocrx_word' id='word_1_23' title='bbox 299 1115 389 1189; x_wconf 86' lang='lat' dir='ltr'><strong>juriis</strong></span> <span class='ocrx_word' id='word_1_24' title='bbox 411 1114 520 1175; x_wconf 89' lang='lat' dir='ltr'><strong>subditi</strong></span> <span class='ocrx_word' id='word_1_25' title='bbox 542 1118 635 1175; x_wconf 80' lang='lat' dir='ltr'><strong>nostri</strong></span> <span class='ocrx_word' id='word_1_26' title='bbox 656 1133 675 1177; x_wconf 88' lang='lat' dir='ltr'><strong>a</strong></span> <span class='ocrx_word' id='word_1_27' title='bbox 694 1116 845 1177; x_wconf 80' lang='lat' dir='ltr'><strong>comitibus</strong></span> <span class='ocrx_word' id='word_1_28' title='bbox 867 1116 1043 1199; x_wconf 81' lang='lat' dir='ltr'><strong>alliciantur;</strong></span> <span class='ocrx_word' id='word_1_29' title='bbox 1068 1124 1098 1179; x_wconf 93' lang='lat' dir='ltr'><strong>et</strong></span> <span class='ocrx_word' id='word_1_30' title='bbox 1118 1120 1195 1191; x_wconf 88' lang='lat' dir='ltr'><strong>quod</strong></span> <span class='ocrx_word' id='word_1_31' title='bbox 1217 1136 1262 1199; x_wconf 85' lang='lat' dir='ltr'><strong>ms</strong></span> <span class='ocrx_word' id='word_1_32' title='bbox 1282 1123 1358 1181; x_wconf 88' lang='lat' dir='ltr'><strong>male</strong></span> <span class='ocrx_word' id='word_1_33' title='bbox 1379 1124 1476 1198; x_wconf 85' lang='lat' dir='ltr'><strong>habet,</strong></span> 
     </span>
     <span class='ocr_line' id='line_1_5' title="bbox 303 1221 1475 1301; baseline 0.008 -22"><span class='ocrx_word' id='word_1_34' title='bbox 303 1236 380 1279; x_wconf 85' lang='lat' dir='ltr'><strong>uxor</strong></span> <span class='ocrx_word' id='word_1_35' title='bbox 400 1223 544 1294; x_wconf 83' lang='lat' dir='ltr'><strong>practerea</strong></span> <span class='ocrx_word' id='word_1_36' title='bbox 562 1221 676 1281; x_wconf 88' lang='lat' dir='ltr'><strong>comitis</strong></span> <span class='ocrx_word' id='word_1_37' title='bbox 690 1221 822 1281; x_wconf 87' lang='lat' dir='ltr'><strong>Wolradi</strong></span> <span class='ocrx_word' id='word_1_38' title='bbox 841 1224 1036 1283; x_wconf 85' lang='lat' dir='ltr'><strong>contumacius</strong></span> <span class='ocrx_word' id='word_1_39' title='bbox 1056 1224 1094 1283; x_wconf 87' lang='lat' dir='ltr'><strong>ed</strong></span> <span class='ocrx_word' id='word_1_40' title='bbox 1114 1240 1193 1285; x_wconf 86' lang='lat' dir='ltr'><strong>moos</strong></span> <span class='ocrx_word' id='word_1_41' title='bbox 1213 1226 1391 1287; x_wconf 85' lang='lat' dir='ltr'><strong>consiliarios</strong></span> <span class='ocrx_word' id='word_1_42' title='bbox 1410 1245 1475 1301; x_wconf 88' lang='lat' dir='ltr'><strong>per·</strong></span> 
     </span>
     <span class='ocr_line' id='line_1_6' title="bbox 303 1323 1478 1405; baseline 0.007 -22"><span class='ocrx_word' id='word_1_43' title='bbox 303 1326 432 1398; x_wconf 84' lang='lat' dir='ltr'><strong>scripsit.</strong></span> <span class='ocrx_word' id='word_1_44' title='bbox 471 1323 529 1383; x_wconf 87' lang='lat' dir='ltr'><strong>Sed</strong></span> <span class='ocrx_word' id='word_1_45' title='bbox 550 1324 651 1399; x_wconf 87' lang='lat' dir='ltr'><strong>modo,</strong></span> <span class='ocrx_word' id='word_1_46' title='bbox 674 1327 783 1400; x_wconf 87' lang='lat' dir='ltr'><strong>inquit,</strong></span> <span class='ocrx_word' id='word_1_47' title='bbox 805 1324 842 1385; x_wconf 86' lang='lat' dir='ltr'><strong>dc</strong></span> <span class='ocrx_word' id='word_1_48' title='bbox 863 1326 909 1385; x_wconf 89' lang='lat' dir='ltr'><strong>bis</strong></span> <span class='ocrx_word' id='word_1_49' title='bbox 932 1328 1018 1389; x_wconf 88' lang='lat' dir='ltr'><strong>latius</strong></span> <span class='ocrx_word' id='word_1_50' title='bbox 1041 1329 1137 1389; x_wconf 88' lang='lat' dir='ltr'><strong>dicere</strong></span> <span class='ocrx_word' id='word_1_51' title='bbox 1160 1346 1217 1389; x_wconf 92' lang='lat' dir='ltr'><strong>non</strong></span> <span class='ocrx_word' id='word_1_52' title='bbox 1240 1335 1335 1405; x_wconf 88' lang='lat' dir='ltr'><strong>vacat,</strong></span> <span class='ocrx_word' id='word_1_53' title='bbox 1359 1332 1478 1404; x_wconf 88' lang='lat' dir='ltr'><strong>posthac</strong></span> 
     </span>
     <span class='ocr_line' id='line_1_7' title="bbox 303 1428 1478 1508; baseline 0.009 -21"><span class='ocrx_word' id='word_1_54' title='bbox 303 1433 403 1488; x_wconf 86' lang='lat' dir='ltr'><strong>omnia</strong></span> <span class='ocrx_word' id='word_1_55' title='bbox 417 1428 498 1490; x_wconf 88' lang='lat' dir='ltr'><strong>vobis</strong></span> <span class='ocrx_word' id='word_1_56' title='bbox 516 1429 640 1505; x_wconf 71' lang='lat' dir='ltr'><strong>legenda</strong></span> <span class='ocrx_word' id='word_1_57' title='bbox 658 1429 808 1490; x_wconf 79' lang='lat' dir='ltr'><strong>exhibebo.</strong></span> <span class='ocrx_word' id='word_1_58' title='bbox 845 1430 920 1491; x_wconf 86' lang='lat' dir='ltr'><strong>Nam</strong></span> <span class='ocrx_word' id='word_1_59' title='bbox 940 1438 1003 1491; x_wconf 87' lang='lat' dir='ltr'><strong>erat</strong></span> <span class='ocrx_word' id='word_1_60' title='bbox 1023 1436 1120 1493; x_wconf 90' lang='lat' dir='ltr'><strong>nescio</strong></span> <span class='ocrx_word' id='word_1_61' title='bbox 1139 1450 1196 1508; x_wconf 87' lang='lat' dir='ltr'><strong>quo</strong></span> <span class='ocrx_word' id='word_1_62' title='bbox 1215 1436 1355 1495; x_wconf 89' lang='lat' dir='ltr'><strong>abiturus.</strong></span> <span class='ocrx_word' id='word_1_63' title='bbox 1386 1437 1478 1497; x_wconf 88' lang='lat' dir='ltr'><strong>Jussit</strong></span> 
     </span>
     <span class='ocr_line' id='line_1_8' title="bbox 303 1535 1477 1615; baseline 0.008 -23"><span class='ocrx_word' id='word_1_64' title='bbox 303 1536 396 1609; x_wconf 71' lang='lat' dir='ltr'><strong>igitur</strong></span> <span class='ocrx_word' id='word_1_65' title='bbox 415 1550 510 1593; x_wconf 88' lang='lat' dir='ltr'><strong>comes</strong></span> <span class='ocrx_word' id='word_1_66' title='bbox 532 1552 551 1595; x_wconf 92' lang='lat' dir='ltr'><strong>a</strong></span> <span class='ocrx_word' id='word_1_67' title='bbox 571 1536 686 1595; x_wconf 84' lang='lat' dir='ltr'><strong>Nassau</strong></span> <span class='ocrx_word' id='word_1_68' title='bbox 705 1550 758 1609; x_wconf 90' lang='lat' dir='ltr'><strong>per</strong></span> <span class='ocrx_word' id='word_1_69' title='bbox 777 1535 914 1596; x_wconf 88' lang='lat' dir='ltr'><strong>Lindium</strong></span> <span class='ocrx_word' id='word_1_70' title='bbox 936 1538 1053 1597; x_wconf 81' lang='lat' dir='ltr'><strong>comites</strong></span> <span class='ocrx_word' id='word_1_71' title='bbox 1072 1538 1245 1600; x_wconf 86' lang='lat' dir='ltr'><strong>aWaldeck</strong></span> <span class='ocrx_word' id='word_1_72' title='bbox 1264 1542 1302 1601; x_wconf 88' lang='lat' dir='ltr'><strong>ad</strong></span> <span class='ocrx_word' id='word_1_73' title='bbox 1324 1542 1477 1615; x_wconf 90' lang='lat' dir='ltr'><strong>prandium</strong></span> 
     </span>
     <span class='ocr_line' id='line_1_9' title="bbox 303 1640 1477 1721; baseline 0.007 -23"><span class='ocrx_word' id='word_1_74' title='bbox 303 1641 397 1713; x_wconf 86' lang='lat' dir='ltr'><strong>ipsius</strong></span> <span class='ocrx_word' id='word_1_75' title='bbox 420 1643 533 1715; x_wconf 87' lang='lat' dir='ltr'><strong>venire,</strong></span> <span class='ocrx_word' id='word_1_76' title='bbox 556 1640 699 1715; x_wconf 85' lang='lat' dir='ltr'><strong>audituri,</strong></span> <span class='ocrx_word' id='word_1_77' title='bbox 722 1640 792 1714; x_wconf 86' lang='lat' dir='ltr'><strong>quid</strong></span> <span class='ocrx_word' id='word_1_78' title='bbox 814 1642 945 1713; x_wconf 79' lang='lat' dir='ltr'><strong>responsi</strong></span> <span class='ocrx_word' id='word_1_79' title='bbox 967 1657 986 1700; x_wconf 89' lang='lat' dir='ltr'><strong>a</strong></span> <span class='ocrx_word' id='word_1_80' title='bbox 1009 1640 1178 1703; x_wconf 84' lang='lat' dir='ltr'><strong>Coloniense</strong></span> <span class='ocrx_word' id='word_1_81' title='bbox 1200 1647 1376 1721; x_wconf 88' lang='lat' dir='ltr'><strong>acceperint,</strong></span> <span class='ocrx_word' id='word_1_82' title='bbox 1401 1646 1477 1720; x_wconf 89' lang='lat' dir='ltr'><strong>quod</strong></span> 
     </span>
     <span class='ocr_line' id='line_1_10' title="bbox 303 1743 1476 1824; baseline 0.005 -21"><span class='ocrx_word' id='word_1_83' title='bbox 303 1749 336 1803; x_wconf 89' lang='lat' dir='ltr'><strong>et</strong></span> <span class='ocrx_word' id='word_1_84' title='bbox 349 1743 460 1805; x_wconf 83' lang='lat' dir='ltr'><strong>iactum</strong></span> <span class='ocrx_word' id='word_1_85' title='bbox 473 1750 526 1806; x_wconf 84' lang='lat' dir='ltr'><strong>est</strong></span> <span class='ocrx_word' id='word_1_86' title='bbox 556 1747 691 1817; x_wconf 75' lang='lat' dir='ltr'><strong>lrmtatua</strong></span> <span class='ocrx_word' id='word_1_87' title='bbox 706 1750 751 1805; x_wconf 91' lang='lat' dir='ltr'><strong>est</strong></span> <span class='ocrx_word' id='word_1_88' title='bbox 765 1750 861 1805; x_wconf 90' lang='lat' dir='ltr'><strong>autem</strong></span> <span class='ocrx_word' id='word_1_89' title='bbox 876 1743 1022 1807; x_wconf 75' lang='lat' dir='ltr'><strong>Adrianus</strong></span> <span class='ocrx_word' id='word_1_90' title='bbox 1041 1764 1059 1807; x_wconf 92' lang='lat' dir='ltr'><strong>a</strong></span> <span class='ocrx_word' id='word_1_91' title='bbox 1078 1748 1199 1809; x_wconf 84' lang='lat' dir='ltr'><strong>Zertaen</strong></span> <span class='ocrx_word' id='word_1_92' title='bbox 1220 1750 1257 1809; x_wconf 92' lang='lat' dir='ltr'><strong>ob</strong></span> <span class='ocrx_word' id='word_1_93' title='bbox 1276 1754 1476 1824; x_wconf 87' lang='lat' dir='ltr'><strong>contemptum,</strong></span> 
     </span>
     <span class='ocr_line' id='line_1_11' title="bbox 304 1847 973 1926; baseline 0.003 -17"><span class='ocrx_word' id='word_1_94' title='bbox 304 1854 339 1909; x_wconf 88' lang='lat' dir='ltr'><strong>ut</strong></span> <span class='ocrx_word' id='word_1_95' title='bbox 351 1850 416 1923; x_wconf 88' lang='lat' dir='ltr'><strong>ipse</strong></span> <span class='ocrx_word' id='word_1_96' title='bbox 430 1850 542 1926; x_wconf 80' lang='lat' dir='ltr'><strong>ajebat,</strong></span> <span class='ocrx_word' id='word_1_97' title='bbox 566 1852 664 1911; x_wconf 82' lang='lat' dir='ltr'><strong>uxoris</strong></span> <span class='ocrx_word' id='word_1_98' title='bbox 678 1847 730 1909; x_wconf 88' lang='lat' dir='ltr'><strong>tilii</strong></span> <span class='ocrx_word' id='word_1_99' title='bbox 745 1852 791 1909; x_wconf 90' lang='lat' dir='ltr'><strong>sui</strong></span> <span class='ocrx_word' id='word_1_100' title='bbox 804 1850 973 1911; x_wconf 86' lang='lat' dir='ltr'><strong>Hermanni.</strong></span> 
     </span>
    </p>

    <p class='ocr_par' dir='ltr' id='par_1_4' title="bbox 305 1952 1478 2225">
     <span class='ocr_line' id='line_1_12' title="bbox 398 1952 1476 2033; baseline 0.004 -20"><span class='ocrx_word' id='word_1_101' title='bbox 398 1952 501 2014; x_wconf 83' lang='lat' dir='ltr'><strong>Comes</strong></span> <span class='ocrx_word' id='word_1_102' title='bbox 516 1954 685 2016; x_wconf 75' lang='lat' dir='ltr'><strong>wilhelmus</strong></span> <span class='ocrx_word' id='word_1_103' title='bbox 699 1971 718 2015; x_wconf 89' lang='lat' dir='ltr'><strong>a</strong></span> <span class='ocrx_word' id='word_1_104' title='bbox 732 1954 852 2014; x_wconf 82' lang='lat' dir='ltr'><strong>Nasson</strong></span> <span class='ocrx_word' id='word_1_105' title='bbox 869 1956 931 2027; x_wconf 81' lang='lat' dir='ltr'><strong>jam</strong></span> <span class='ocrx_word' id='word_1_106' title='bbox 951 1957 1011 2031; x_wconf 81' lang='lat' dir='ltr'><strong>agit</strong></span> <span class='ocrx_word' id='word_1_107' title='bbox 1025 1958 1118 2017; x_wconf 74' lang='lat' dir='ltr'><strong>aetatm</strong></span> <span class='ocrx_word' id='word_1_108' title='bbox 1133 1974 1192 2017; x_wconf 79' lang='lat' dir='ltr'><strong>sote</strong></span> <span class='ocrx_word' id='word_1_109' title='bbox 1212 1975 1319 2019; x_wconf 89' lang='lat' dir='ltr'><strong>annum</strong></span> <span class='ocrx_word' id='word_1_110' title='bbox 1333 1960 1476 2033; x_wconf 78' lang='lat' dir='ltr'><strong>sexagesi-</strong></span> 
     </span>
     <span class='ocr_line' id='line_1_13' title="bbox 305 2056 1478 2134; baseline 0.007 -19"><span class='ocrx_word' id='word_1_111' title='bbox 305 2074 384 2117; x_wconf 86' lang='lat' dir='ltr'><strong>mum</strong></span> <span class='ocrx_word' id='word_1_112' title='bbox 401 2056 557 2119; x_wconf 87' lang='lat' dir='ltr'><strong>secundnm</strong></span> <span class='ocrx_word' id='word_1_113' title='bbox 572 2066 603 2120; x_wconf 91' lang='lat' dir='ltr'><strong>et</strong></span> <span class='ocrx_word' id='word_1_114' title='bbox 619 2057 1184 2134; x_wconf 82' lang='lat' dir='ltr'><strong>luitaunorumdecem,duminaula1n</strong></span> <span class='ocrx_word' id='word_1_115' title='bbox 1201 2062 1338 2123; x_wconf 86' lang='lat' dir='ltr'><strong>Ludovici</strong></span> <span class='ocrx_word' id='word_1_116' title='bbox 1353 2064 1478 2125; x_wconf 77' lang='lat' dir='ltr'><strong>Palatini</strong></span> 
     </span>
     <span class='ocr_line' id='line_1_14' title="bbox 307 2162 1164 2225; baseline 0.011 -4"><span class='ocrx_word' id='word_1_117' title='bbox 307 2163 444 2223; x_wconf 78' lang='lat' dir='ltr'><strong>electoris</strong></span> <span class='ocrx_word' id='word_1_118' title='bbox 460 2162 617 2225; x_wconf 84' lang='lat' dir='ltr'><strong>deveniret.</strong></span> <span class='ocrx_word' id='word_1_119' title='bbox 1159 2174 1164 2184; x_wconf 81' lang='grc'><em>“</em></span> 
     </span>
    </p>

    <p class='ocr_par' dir='ltr' id='par_1_5' title="bbox 306 2250 1477 2870">
     <span class='ocr_line' id='line_1_15' title="bbox 399 2250 1477 2345; baseline 0.002 -16"><span class='ocrx_word' id='word_1_120' title='bbox 399 2267 521 2343; x_wconf 81' lang='lat' dir='ltr'><strong>Centum</strong></span> <span class='ocrx_word' id='word_1_121' title='bbox 534 2268 624 2330; x_wconf 87' lang='lat' dir='ltr'><strong>libras</strong></span> <span class='ocrx_word' id='word_1_122' title='bbox 638 2271 722 2345; x_wconf 87' lang='lat' dir='ltr'><strong>cupri</strong></span> <span class='ocrx_word' id='word_1_123' title='bbox 735 2284 787 2329; x_wconf 83' lang='lat' dir='ltr'><strong>sex</strong></span> <span class='ocrx_word' id='word_1_124' title='bbox 800 2267 920 2329; x_wconf 84' lang='lat' dir='ltr'><strong>tbaleris</strong></span> <span class='ocrx_word' id='word_1_125' title='bbox 934 2270 1033 2330; x_wconf 85' lang='lat' dir='ltr'><strong>venire</strong></span> <span class='ocrx_word' id='word_1_126' title='bbox 1047 2269 1148 2331; x_wconf 86' lang='lat' dir='ltr'><strong>eadem</strong></span> <span class='ocrx_word' id='word_1_127' title='bbox 1162 2287 1181 2329; x_wconf 87' lang='lat' dir='ltr'><strong>a</strong></span> <span class='ocrx_word' id='word_1_128' title='bbox 1195 2270 1400 2330; x_wconf 76' lang='lat' dir='ltr'><strong>mercatoribus</strong></span> <span class='ocrx_word' id='word_1_129' title='bbox 1412 2250 1477 2345; x_wconf 62' lang='lat' dir='ltr'><strong>&#39;ejus</strong></span> 
     </span>
     <span class='ocr_line' id='line_1_16' title="bbox 306 2356 1475 2449; baseline 0 -14"><span class='ocrx_word' id='word_1_130' title='bbox 306 2374 419 2435; x_wconf 87' lang='lat' dir='ltr'><strong>mctalli</strong></span> <span class='ocrx_word' id='word_1_131' title='bbox 432 2375 602 2446; x_wconf 87' lang='lat' dir='ltr'><strong>accepimus.</strong></span> <span class='ocrx_word' id='word_1_132' title='bbox 646 2356 795 2436; x_wconf 85' lang='lat' dir='ltr'><strong>Peditetus</strong></span> <span class='ocrx_word' id='word_1_133' title='bbox 822 2379 995 2435; x_wconf 79' lang='lat' dir='ltr'><strong>caesamanm</strong></span> <span class='ocrx_word' id='word_1_134' title='bbox 1015 2375 1124 2435; x_wconf 74' lang='lat' dir='ltr'><strong>mutati</strong></span> <span class='ocrx_word' id='word_1_135' title='bbox 1138 2375 1229 2435; x_wconf 78' lang='lat' dir='ltr'><strong>Ulmae</strong></span> <span class='ocrx_word' id='word_1_136' title='bbox 1251 2391 1356 2449; x_wconf 81' lang='lat' dir='ltr'><strong>magna</strong></span> <span class='ocrx_word' id='word_1_137' title='bbox 1370 2376 1475 2435; x_wconf 90' lang='lat' dir='ltr'><strong>incom-</strong></span> 
     </span>
     <span class='ocr_line' id='line_1_17' title="bbox 306 2476 1475 2567; baseline 0 -26"><span class='ocrx_word' id='word_1_138' title='bbox 306 2479 397 2541; x_wconf 89' lang='lat' dir='ltr'><strong>moda</strong></span> <span class='ocrx_word' id='word_1_139' title='bbox 409 2476 644 2539; x_wconf 83' lang='lat' dir='ltr'><strong>inferre-dicitur.</strong></span> <span class='ocrx_word' id='word_1_140' title='bbox 684 2480 821 2567; x_wconf 78' lang='lat' dir='ltr'><strong>Civitates</strong></span> <span class='ocrx_word' id='word_1_141' title='bbox 835 2480 921 2542; x_wconf 88' lang='lat' dir='ltr'><strong>Ulma</strong></span> <span class='ocrx_word' id='word_1_142' title='bbox 936 2485 966 2540; x_wconf 92' lang='lat' dir='ltr'><strong>et</strong></span> <span class='ocrx_word' id='word_1_143' title='bbox 978 2480 1110 2555; x_wconf 76' lang='lat' dir='ltr'><strong>Augusta</strong></span> <span class='ocrx_word' id='word_1_144' title='bbox 1132 2495 1196 2539; x_wconf 91' lang='lat' dir='ltr'><strong>cum</strong></span> <span class='ocrx_word' id='word_1_145' title='bbox 1218 2478 1363 2541; x_wconf 78' lang='lat' dir='ltr'><strong>cardinale</strong></span> <span class='ocrx_word' id='word_1_146' title='bbox 1377 2480 1475 2555; x_wconf 77' lang='lat' dir='ltr'><strong>Augu-</strong></span> 
     </span>
     <span class='ocr_line' id='line_1_18' title="bbox 308 2581 1476 2659; baseline -0.002 -14"><span class='ocrx_word' id='word_1_147' title='bbox 308 2588 396 2645; x_wconf 86' lang='lat' dir='ltr'><strong>stano</strong></span> <span class='ocrx_word' id='word_1_148' title='bbox 409 2584 440 2643; x_wconf 93' lang='lat' dir='ltr'><strong>in</strong></span> <span class='ocrx_word' id='word_1_149' title='bbox 451 2584 718 2659; x_wconf 79' lang='lat' dir='ltr'><strong>bocmnvanerunt,</strong></span> <span class='ocrx_word' id='word_1_150' title='bbox 728 2581 1008 2647; x_wconf 81' lang='lat' dir='ltr'><strong>utcircumioranoos</strong></span> <span class='ocrx_word' id='word_1_151' title='bbox 1023 2588 1053 2643; x_wconf 91' lang='lat' dir='ltr'><strong>et</strong></span> <span class='ocrx_word' id='word_1_152' title='bbox 1066 2585 1172 2657; x_wconf 88' lang='lat' dir='ltr'><strong>passim</strong></span> <span class='ocrx_word' id='word_1_153' title='bbox 1187 2586 1357 2643; x_wconf 85' lang='lat' dir='ltr'><strong>cursitantes</strong></span> <span class='ocrx_word' id='word_1_154' title='bbox 1372 2584 1476 2643; x_wconf 86' lang='lat' dir='ltr'><strong>milites</strong></span> 
     </span>
     <span class='ocr_line' id='line_1_19' title="bbox 306 2688 1474 2771; baseline 0.001 -23"><span class='ocrx_word' id='word_1_155' title='bbox 306 2688 502 2763; x_wconf 74' lang='lat' dir='ltr'><strong>agricolarum</strong></span> <span class='ocrx_word' id='word_1_156' title='bbox 515 2689 683 2763; x_wconf 72' lang='lat' dir='ltr'><strong>sanguinem</strong></span> <span class='ocrx_word' id='word_1_157' title='bbox 698 2695 862 2765; x_wconf 75' lang='lat' dir='ltr'><strong>angentes,</strong></span> <span class='ocrx_word' id='word_1_158' title='bbox 878 2690 909 2771; x_wconf 87' lang='lat' dir='ltr'><strong>ni</strong></span> <span class='ocrx_word' id='word_1_159' title='bbox 922 2688 1047 2765; x_wconf 86' lang='lat' dir='ltr'><strong>principi</strong></span> <span class='ocrx_word' id='word_1_160' title='bbox 1065 2690 1150 2753; x_wconf 90' lang='lat' dir='ltr'><strong>alicui</strong></span> <span class='ocrx_word' id='word_1_161' title='bbox 1169 2688 1276 2749; x_wconf 83' lang='lat' dir='ltr'><strong>addicti</strong></span> <span class='ocrx_word' id='word_1_162' title='bbox 1296 2690 1353 2748; x_wconf 89' lang='lat' dir='ltr'><strong>sint</strong></span> <span class='ocrx_word' id='word_1_163' title='bbox 1367 2690 1474 2764; x_wconf 91' lang='lat' dir='ltr'><strong>stipen-</strong></span> 
     </span>
     <span class='ocr_line' id='line_1_20' title="bbox 308 2792 1400 2870; baseline -0.002 -15"><span class='ocrx_word' id='word_1_164' title='bbox 308 2794 360 2855; x_wconf 84' lang='lat' dir='ltr'><strong>dio</strong></span> <span class='ocrx_word' id='word_1_165' title='bbox 373 2794 513 2868; x_wconf 83' lang='lat' dir='ltr'><strong>merituri,</strong></span> <span class='ocrx_word' id='word_1_166' title='bbox 528 2799 558 2853; x_wconf 91' lang='lat' dir='ltr'><strong>et</strong></span> <span class='ocrx_word' id='word_1_167' title='bbox 571 2794 602 2853; x_wconf 93' lang='lat' dir='ltr'><strong>in</strong></span> <span class='ocrx_word' id='word_1_168' title='bbox 615 2795 675 2854; x_wconf 89' lang='lat' dir='ltr'><strong>suis</strong></span> <span class='ocrx_word' id='word_1_169' title='bbox 689 2793 822 2855; x_wconf 91' lang='lat' dir='ltr'><strong>dominiis</strong></span> <span class='ocrx_word' id='word_1_170' title='bbox 836 2794 979 2870; x_wconf 85' lang='lat' dir='ltr'><strong>expoliari</strong></span> <span class='ocrx_word' id='word_1_171' title='bbox 993 2799 1023 2856; x_wconf 91' lang='lat' dir='ltr'><strong>et</strong></span> <span class='ocrx_word' id='word_1_172' title='bbox 1036 2795 1107 2855; x_wconf 84' lang='lat' dir='ltr'><strong>caedi</strong></span> <span class='ocrx_word' id='word_1_173' title='bbox 1121 2794 1226 2868; x_wconf 88' lang='lat' dir='ltr'><strong>ubique</strong></span> <span class='ocrx_word' id='word_1_174' title='bbox 1240 2792 1400 2854; x_wconf 86' lang='lat' dir='ltr'><strong>admittant.</strong></span> 
     </span>
    </p>

    <p class='ocr_par' dir='ltr' id='par_1_6' title="bbox 308 2898 1478 3183">
     <span class='ocr_line' id='line_1_21' title="bbox 398 2898 1478 2975; baseline 0.002 -18"><span class='ocrx_word' id='word_1_175' title='bbox 398 2898 584 2975; x_wconf 74' lang='lat' dir='ltr'><strong>Atrebatensi</strong></span> <span class='ocrx_word' id='word_1_176' title='bbox 601 2900 739 2973; x_wconf 87' lang='lat' dir='ltr'><strong>scriptum</strong></span> <span class='ocrx_word' id='word_1_177' title='bbox 757 2900 988 2974; x_wconf 83' lang='lat' dir='ltr'><strong>supplicationis,</strong></span> <span class='ocrx_word' id='word_1_178' title='bbox 1018 2907 1105 2975; x_wconf 88' lang='lat' dir='ltr'><strong>prout</strong></span> <span class='ocrx_word' id='word_1_179' title='bbox 1119 2904 1328 2971; x_wconf 85' lang='lat' dir='ltr'><strong>statueramus,</strong></span> <span class='ocrx_word' id='word_1_180' title='bbox 1352 2899 1478 2959; x_wconf 86' lang='lat' dir='ltr'><strong>nondum</strong></span> 
     </span>
     <span class='ocr_line' id='line_1_22' title="bbox 308 3000 1476 3079; baseline 0 -16"><span class='ocrx_word' id='word_1_181' title='bbox 308 3002 440 3063; x_wconf 85' lang='lat' dir='ltr'><strong>obiatnm</strong></span> <span class='ocrx_word' id='word_1_182' title='bbox 453 3008 507 3063; x_wconf 87' lang='lat' dir='ltr'><strong>est</strong></span> <span class='ocrx_word' id='word_1_183' title='bbox 531 3000 632 3062; x_wconf 82' lang='lat' dir='ltr'><strong>Comes</strong></span> <span class='ocrx_word' id='word_1_184' title='bbox 648 3002 763 3063; x_wconf 80' lang='lat' dir='ltr'><strong>Samuel</strong></span> <span class='ocrx_word' id='word_1_185' title='bbox 776 3003 808 3062; x_wconf 95' lang='lat' dir='ltr'><strong>in</strong></span> <span class='ocrx_word' id='word_1_186' title='bbox 822 3021 873 3063; x_wconf 89' lang='lat' dir='ltr'><strong>rus</strong></span> <span class='ocrx_word' id='word_1_187' title='bbox 887 3004 1008 3079; x_wconf 89' lang='lat' dir='ltr'><strong>abierat,</strong></span> <span class='ocrx_word' id='word_1_188' title='bbox 1033 3020 1123 3079; x_wconf 86' lang='lat' dir='ltr'><strong>quaro</strong></span> <span class='ocrx_word' id='word_1_189' title='bbox 1137 3004 1284 3074; x_wconf 86' lang='lat' dir='ltr'><strong>nobiscum</strong></span> <span class='ocrx_word' id='word_1_190' title='bbox 1299 3003 1376 3078; x_wconf 90' lang='lat' dir='ltr'><strong>apud</strong></span> <span class='ocrx_word' id='word_1_191' title='bbox 1390 3004 1476 3063; x_wconf 90' lang='lat' dir='ltr'><strong>comi·</strong></span> 
     </span>
     <span class='ocr_line' id='line_1_23' title="bbox 310 3106 1164 3183; baseline -0.007 -14"><span class='ocrx_word' id='word_1_192' title='bbox 310 3114 372 3169; x_wconf 85' lang='lat' dir='ltr'><strong>tem</strong></span> <span class='ocrx_word' id='word_1_193' title='bbox 385 3106 425 3167; x_wconf 87' lang='lat' dir='ltr'><strong>ab</strong></span> <span class='ocrx_word' id='word_1_194' title='bbox 437 3107 578 3168; x_wconf 73' lang='grc' dir='ltr'><strong>Αιιιιοιιο</strong></span> <span class='ocrx_word' id='word_1_195' title='bbox 592 3123 649 3167; x_wconf 85' lang='grc' dir='ltr'><strong>ιιοιι</strong></span> <span class='ocrx_word' id='word_1_196' title='bbox 664 3113 711 3167; x_wconf 88' lang='lat' dir='ltr'><strong>ost</strong></span> <span class='ocrx_word' id='word_1_197' title='bbox 722 3122 854 3180; x_wconf 88' lang='lat' dir='ltr'><strong>pransus.</strong></span> <span class='ocrx_word' id='word_1_198' title='bbox 1161 3174 1164 3183; x_wconf 25' lang='grc' dir='ltr'>ι</span> 
     </span>
    </p>

    <p class='ocr_par' dir='ltr' id='par_1_7' title="bbox 309 3211 1478 3503">
     <span class='ocr_line' id='line_1_24' title="bbox 399 3211 1477 3287; baseline -0.001 -15"><span class='ocrx_word' id='word_1_199' title='bbox 399 3211 510 3272; x_wconf 80' lang='lat' dir='ltr'><strong>Eadem</strong></span> <span class='ocrx_word' id='word_1_200' title='bbox 531 3213 631 3273; x_wconf 89' lang='lat' dir='ltr'><strong>iberos</strong></span> <span class='ocrx_word' id='word_1_201' title='bbox 652 3228 705 3287; x_wconf 92' lang='lat' dir='ltr'><strong>pro</strong></span> <span class='ocrx_word' id='word_1_202' title='bbox 727 3226 827 3271; x_wconf 90' lang='lat' dir='ltr'><strong>eorum</strong></span> <span class='ocrx_word' id='word_1_203' title='bbox 850 3226 930 3271; x_wconf 89' lang='lat' dir='ltr'><strong>more</strong></span> <span class='ocrx_word' id='word_1_204' title='bbox 951 3212 1017 3287; x_wconf 87' lang='lat' dir='ltr'><strong>pilae</strong></span> <span class='ocrx_word' id='word_1_205' title='bbox 1040 3212 1105 3275; x_wconf 86' lang='lat' dir='ltr'><strong>lusu</strong></span> <span class='ocrx_word' id='word_1_206' title='bbox 1127 3229 1159 3274; x_wconf 91' lang='lat' dir='ltr'><strong>se</strong></span> <span class='ocrx_word' id='word_1_207' title='bbox 1173 3215 1332 3279; x_wconf 82' lang='lat' dir='ltr'><strong>exercitare</strong></span> <span class='ocrx_word' id='word_1_208' title='bbox 1346 3212 1477 3274; x_wconf 87' lang='lat' dir='ltr'><strong>vidimus.</strong></span> 
     </span>
     <span class='ocr_line' id='line_1_25' title="bbox 309 3318 1478 3393; baseline -0.003 -12"><span class='ocrx_word' id='word_1_209' title='bbox 309 3320 496 3381; x_wconf 78' lang='lat' dir='ltr'><strong>sputantem</strong></span> <span class='ocrx_word' id='word_1_210' title='bbox 510 3320 577 3393; x_wconf 76' lang='lat' dir='ltr'><strong>pila</strong></span> <span class='ocrx_word' id='word_1_211' title='bbox 592 3335 690 3393; x_wconf 82' lang='lat' dir='ltr'><strong>eorum</strong></span> <span class='ocrx_word' id='word_1_212' title='bbox 705 3318 827 3392; x_wconf 74' lang='lat' dir='ltr'><strong>diversa</strong></span> <span class='ocrx_word' id='word_1_213' title='bbox 841 3333 860 3375; x_wconf 90' lang='lat' dir='ltr'><strong>a</strong></span> <span class='ocrx_word' id='word_1_214' title='bbox 873 3319 990 3391; x_wconf 86' lang='lat' dir='ltr'><strong>nostris,</strong></span> <span class='ocrx_word' id='word_1_215' title='bbox 1005 3332 1072 3375; x_wconf 90' lang='lat' dir='ltr'><strong>nam</strong></span> <span class='ocrx_word' id='word_1_216' title='bbox 1087 3318 1164 3391; x_wconf 80' lang='lat' dir='ltr'><strong>globi</strong></span> <span class='ocrx_word' id='word_1_217' title='bbox 1179 3318 1301 3377; x_wconf 89' lang='lat' dir='ltr'><strong>coriacei</strong></span> <span class='ocrx_word' id='word_1_218' title='bbox 1314 3322 1381 3376; x_wconf 87' lang='lat' dir='ltr'><strong>sunt</strong></span> <span class='ocrx_word' id='word_1_219' title='bbox 1391 3320 1478 3391; x_wconf 75' lang='lat' dir='ltr'><strong>justa</strong></span> 
     </span>
     <span class='ocr_line' id='line_1_26' title="bbox 309 3418 1228 3503; baseline -0.005 -17"><span class='ocrx_word' id='word_1_220' title='bbox 309 3425 516 3500; x_wconf 69' lang='lat' dir='ltr'><strong>magnitudinis</strong></span> <span class='ocrx_word' id='word_1_221' title='bbox 530 3430 643 3487; x_wconf 86' lang='lat' dir='ltr'><strong>tantum</strong></span> <span class='ocrx_word' id='word_1_222' title='bbox 657 3441 709 3498; x_wconf 89' lang='lat' dir='ltr'><strong>per</strong></span> <span class='ocrx_word' id='word_1_223' title='bbox 722 3422 848 3483; x_wconf 79' lang='lat' dir='ltr'><strong>{iamlam</strong></span> <span class='ocrx_word' id='word_1_224' title='bbox 862 3427 949 3483; x_wconf 84' lang='lat' dir='ltr'><strong>vento</strong></span> <span class='ocrx_word' id='word_1_225' title='bbox 964 3418 1063 3481; x_wconf 85' lang='lat' dir='ltr'><strong>inflato</strong></span> <span class='ocrx_word' id='word_1_226' title='bbox 1078 3427 1228 3503; x_wconf 75' lang='lat' dir='ltr'><strong>tumentes.</strong></span> 
     </span>
    </p>

    <p class='ocr_par' dir='ltr' id='par_1_8' title="bbox 302 3524 1480 4866">
     <span class='ocr_line' id='line_1_27' title="bbox 341 3524 1478 3602; baseline -0.004 -13"><span class='ocrx_word' id='word_1_227' title='bbox 341 3552 345 3559; x_wconf 56' lang='lat'>¹</span> <span class='ocrx_word' id='word_1_228' title='bbox 399 3528 600 3591; x_wconf 81' lang='lat' dir='ltr'><strong>Fordinandus</strong></span> <span class='ocrx_word' id='word_1_229' title='bbox 609 3545 663 3590; x_wconf 83' lang='lat' dir='ltr'><strong>rex</strong></span> <span class='ocrx_word' id='word_1_230' title='bbox 673 3524 797 3590; x_wconf 79' lang='lat' dir='ltr'><strong>statibus</strong></span> <span class='ocrx_word' id='word_1_231' title='bbox 810 3528 922 3602; x_wconf 90' lang='lat' dir='ltr'><strong>imperii</strong></span> <span class='ocrx_word' id='word_1_232' title='bbox 932 3526 1069 3587; x_wconf 89' lang='lat' dir='ltr'><strong>nonnulla</strong></span> <span class='ocrx_word' id='word_1_233' title='bbox 1078 3528 1109 3584; x_wconf 93' lang='lat' dir='ltr'><strong>in</strong></span> <span class='ocrx_word' id='word_1_234' title='bbox 1124 3525 1207 3587; x_wconf 90' lang='lat' dir='ltr'><strong>domo</strong></span> <span class='ocrx_word' id='word_1_235' title='bbox 1222 3526 1367 3585; x_wconf 86' lang='lat' dir='ltr'><strong>senatoria</strong></span> <span class='ocrx_word' id='word_1_236' title='bbox 1375 3541 1478 3599; x_wconf 82' lang='lat' dir='ltr'><strong>propo</strong></span> 
     </span>
     <span class='ocr_line' id='line_1_28' title="bbox 309 3629 1479 3710; baseline -0.006 -15"><span class='ocrx_word' id='word_1_237' title='bbox 309 3636 378 3710; x_wconf 84' lang='lat' dir='ltr'><strong>suit,</strong></span> <span class='ocrx_word' id='word_1_238' title='bbox 393 3634 510 3709; x_wconf 87' lang='lat' dir='ltr'><strong>scilicet,</strong></span> <span class='ocrx_word' id='word_1_239' title='bbox 528 3636 597 3710; x_wconf 87' lang='lat' dir='ltr'><strong>qnia</strong></span> <span class='ocrx_word' id='word_1_240' title='bbox 609 3635 641 3693; x_wconf 92' lang='lat' dir='ltr'><strong>in</strong></span> <span class='ocrx_word' id='word_1_241' title='bbox 654 3635 783 3695; x_wconf 86' lang='lat' dir='ltr'><strong>terminis</strong></span> <span class='ocrx_word' id='word_1_242' title='bbox 798 3639 828 3693; x_wconf 92' lang='lat' dir='ltr'><strong>et</strong></span> <span class='ocrx_word' id='word_1_243' title='bbox 841 3629 1001 3693; x_wconf 87' lang='lat' dir='ltr'><strong>confinibus</strong></span> <span class='ocrx_word' id='word_1_244' title='bbox 1016 3631 1175 3690; x_wconf 85' lang='lat' dir='ltr'><strong>Turcarum</strong></span> <span class='ocrx_word' id='word_1_245' title='bbox 1194 3646 1347 3704; x_wconf 79' lang='lat' dir='ltr'><strong>regnorum</strong></span> <span class='ocrx_word' id='word_1_246' title='bbox 1362 3645 1479 3689; x_wconf 88' lang='lat' dir='ltr'><strong>snorum</strong></span> 
     </span>
     <span class='ocr_line' id='line_1_29' title="bbox 309 3734 1478 3815; baseline -0.007 -14"><span class='ocrx_word' id='word_1_247' title='bbox 309 3746 343 3803; x_wconf 91' lang='lat' dir='ltr'><strong>ut</strong></span> <span class='ocrx_word' id='word_1_248' title='bbox 357 3742 388 3800; x_wconf 90' lang='lat' dir='ltr'><strong>in</strong></span> <span class='ocrx_word' id='word_1_249' title='bbox 402 3739 524 3815; x_wconf 85' lang='lat' dir='ltr'><strong>Vienna,</strong></span> <span class='ocrx_word' id='word_1_250' title='bbox 539 3739 699 3801; x_wconf 79' lang='lat' dir='ltr'><strong>Pannoniae</strong></span> <span class='ocrx_word' id='word_1_251' title='bbox 713 3746 744 3799; x_wconf 94' lang='lat' dir='ltr'><strong>et</strong></span> <span class='ocrx_word' id='word_1_252' title='bbox 756 3739 820 3799; x_wconf 91' lang='lat' dir='ltr'><strong>aliis</strong></span> <span class='ocrx_word' id='word_1_253' title='bbox 834 3739 904 3798; x_wconf 89' lang='lat' dir='ltr'><strong>locis</strong></span> <span class='ocrx_word' id='word_1_254' title='bbox 925 3736 964 3795; x_wconf 92' lang='lat' dir='ltr'><strong>ad</strong></span> <span class='ocrx_word' id='word_1_255' title='bbox 979 3734 1113 3795; x_wconf 87' lang='lat' dir='ltr'><strong>tuendam</strong></span> <span class='ocrx_word' id='word_1_256' title='bbox 1128 3736 1272 3795; x_wconf 89' lang='lat' dir='ltr'><strong>nationem</strong></span> <span class='ocrx_word' id='word_1_257' title='bbox 1287 3735 1478 3807; x_wconf 81' lang='lat' dir='ltr'><strong>germanicam</strong></span> 
     </span>
     <span class='ocr_line' id='line_1_30' title="bbox 302 3841 1479 3924; baseline -0.008 -17"><span class='ocrx_word' id='word_1_258' title='bbox 302 3851 342 3907; x_wconf 69' lang='lat' dir='ltr'><strong>,et</strong></span> <span class='ocrx_word' id='word_1_259' title='bbox 356 3846 500 3907; x_wconf 79' lang='lat' dir='ltr'><strong>Tuscana</strong></span> <span class='ocrx_word' id='word_1_260' title='bbox 520 3844 676 3905; x_wconf 77' lang='lat' dir='ltr'><strong>cbmstiano</strong></span> <span class='ocrx_word' id='word_1_261' title='bbox 700 3844 770 3905; x_wconf 91' lang='lat' dir='ltr'><strong>orbe</strong></span> <span class='ocrx_word' id='word_1_262' title='bbox 792 3860 829 3924; x_wconf 85' lang='lat' dir='ltr'><strong>ex</strong></span> <span class='ocrx_word' id='word_1_263' title='bbox 849 3842 903 3903; x_wconf 88' lang='lat' dir='ltr'><strong>hac</strong></span> <span class='ocrx_word' id='word_1_264' title='bbox 927 3847 1011 3919; x_wconf 82' lang='lat' dir='ltr'><strong>parte</strong></span> <span class='ocrx_word' id='word_1_265' title='bbox 1031 3842 1170 3901; x_wconf 89' lang='lat' dir='ltr'><strong>arcendos</strong></span> <span class='ocrx_word' id='word_1_266' title='bbox 1190 3841 1362 3901; x_wconf 89' lang='lat' dir='ltr'><strong>munitiones</strong></span> <span class='ocrx_word' id='word_1_267' title='bbox 1385 3841 1479 3899; x_wconf 87' lang='lat' dir='ltr'><strong>extrui</strong></span> 
     </span>
     <span class='ocr_line' id='line_1_31' title="bbox 310 3946 1480 4025; baseline -0.003 -15"><span class='ocrx_word' id='word_1_268' title='bbox 310 3965 550 4025; x_wconf 76' lang='lat' dir='ltr'><strong>magno-suorum</strong></span> <span class='ocrx_word' id='word_1_269' title='bbox 565 3949 730 4024; x_wconf 89' lang='lat' dir='ltr'><strong>dispendio,</strong></span> <span class='ocrx_word' id='word_1_270' title='bbox 753 3965 874 4022; x_wconf 89' lang='lat' dir='ltr'><strong>quorum</strong></span> <span class='ocrx_word' id='word_1_271' title='bbox 888 3953 1018 4023; x_wconf 91' lang='lat' dir='ltr'><strong>sumptus</strong></span> <span class='ocrx_word' id='word_1_272' title='bbox 1033 3954 1156 4021; x_wconf 89' lang='lat' dir='ltr'><strong>quatuor</strong></span> <span class='ocrx_word' id='word_1_273' title='bbox 1170 3946 1305 4006; x_wconf 78' lang='lat' dir='ltr'><strong>miriades</strong></span> <span class='ocrx_word' id='word_1_274' title='bbox 1320 3947 1384 4006; x_wconf 88' lang='lat' dir='ltr'><strong>anri</strong></span> <span class='ocrx_word' id='word_1_275' title='bbox 1399 3962 1480 4007; x_wconf 83' lang='lat' dir='ltr'><strong>exce·</strong></span> 
     </span>
     <span class='ocr_line' id='line_1_32' title="bbox 309 4053 1480 4129; baseline 0 -14"><span class='ocrx_word' id='word_1_276' title='bbox 309 4056 425 4128; x_wconf 81' lang='lat' dir='ltr'><strong>darent,</strong></span> <span class='ocrx_word' id='word_1_277' title='bbox 441 4055 595 4115; x_wconf 87' lang='lat' dir='ltr'><strong>curaverit.</strong></span> <span class='ocrx_word' id='word_1_278' title='bbox 626 4054 700 4113; x_wconf 86' lang='lat' dir='ltr'><strong>Item</strong></span> <span class='ocrx_word' id='word_1_279' title='bbox 713 4053 899 4116; x_wconf 80' lang='lat' dir='ltr'><strong>haereditaria</strong></span> <span class='ocrx_word' id='word_1_280' title='bbox 913 4070 1004 4129; x_wconf 80' lang='lat' dir='ltr'><strong>regna</strong></span> <span class='ocrx_word' id='word_1_281' title='bbox 1019 4060 1048 4113; x_wconf 90' lang='lat' dir='ltr'><strong>et</strong></span> <span class='ocrx_word' id='word_1_282' title='bbox 1066 4054 1185 4115; x_wconf 87' lang='lat' dir='ltr'><strong>ducatus</strong></span> <span class='ocrx_word' id='word_1_283' title='bbox 1199 4053 1288 4128; x_wconf 90' lang='lat' dir='ltr'><strong>ipsius</strong></span> <span class='ocrx_word' id='word_1_284' title='bbox 1303 4054 1377 4114; x_wconf 88' lang='lat' dir='ltr'><strong>adeo</strong></span> <span class='ocrx_word' id='word_1_285' title='bbox 1392 4054 1480 4115; x_wconf 91' lang='lat' dir='ltr'><strong>conti·</strong></span> 
     </span>
     <span class='ocr_line' id='line_1_33' title="bbox 310 4158 1479 4233; baseline -0.003 -10"><span class='ocrx_word' id='word_1_286' title='bbox 310 4163 377 4223; x_wconf 88' lang='lat' dir='ltr'><strong>uuis</strong></span> <span class='ocrx_word' id='word_1_287' title='bbox 393 4161 551 4221; x_wconf 86' lang='lat' dir='ltr'><strong>ancarum</strong></span> <span class='ocrx_word' id='word_1_288' title='bbox 567 4158 734 4219; x_wconf 86' lang='lat' dir='ltr'><strong>excursibus</strong></span> <span class='ocrx_word' id='word_1_289' title='bbox 748 4164 779 4219; x_wconf 88' lang='lat' dir='ltr'><strong>ct</strong></span> <span class='ocrx_word' id='word_1_290' title='bbox 797 4159 1044 4219; x_wconf 79' lang='lat' dir='ltr'><strong>enmciationibns</strong></span> <span class='ocrx_word' id='word_1_291' title='bbox 1059 4160 1216 4233; x_wconf 76' lang='lat' dir='ltr'><strong>emgitari,</strong></span> <span class='ocrx_word' id='word_1_292' title='bbox 1246 4165 1278 4217; x_wconf 90' lang='lat' dir='ltr'><strong>nt</strong></span> <span class='ocrx_word' id='word_1_293' title='bbox 1292 4161 1340 4219; x_wconf 87' lang='lat' dir='ltr'><strong>vix</strong></span> <span class='ocrx_word' id='word_1_294' title='bbox 1354 4174 1479 4230; x_wconf 87' lang='lat' dir='ltr'><strong>unquam</strong></span> 
     </span>
     <span class='ocr_line' id='line_1_34' title="bbox 310 4263 1480 4344; baseline -0.007 -15"><span class='ocrx_word' id='word_1_295' title='bbox 310 4267 369 4329; x_wconf 83' lang='lat' dir='ltr'><strong>illis</strong></span> <span class='ocrx_word' id='word_1_296' title='bbox 382 4266 530 4339; x_wconf 84' lang='lat' dir='ltr'><strong>respiraro</strong></span> <span class='ocrx_word' id='word_1_297' title='bbox 544 4264 638 4326; x_wconf 90' lang='lat' dir='ltr'><strong>detur.</strong></span> <span class='ocrx_word' id='word_1_298' title='bbox 661 4264 707 4324; x_wconf 75' lang='lat' dir='ltr'><strong>Ad</strong></span> <span class='ocrx_word' id='word_1_299' title='bbox 722 4265 784 4323; x_wconf 76' lang='lat' dir='ltr'><strong>brec</strong></span> <span class='ocrx_word' id='word_1_300' title='bbox 796 4264 929 4324; x_wconf 89' lang='lat' dir='ltr'><strong>inducias</strong></span> <span class='ocrx_word' id='word_1_301' title='bbox 943 4265 1169 4344; x_wconf 86' lang='lat' dir='ltr'><strong>quinquennales</strong></span> <span class='ocrx_word' id='word_1_302' title='bbox 1179 4264 1255 4323; x_wconf 90' lang='lat' dir='ltr'><strong>inter</strong></span> <span class='ocrx_word' id='word_1_303' title='bbox 1263 4263 1414 4322; x_wconf 88' lang='lat' dir='ltr'><strong>ancicum</strong></span> <span class='ocrx_word' id='word_1_304' title='bbox 1428 4264 1480 4321; x_wconf 85' lang='lat' dir='ltr'><strong>im·</strong></span> 
     </span>
     <span class='ocr_line' id='line_1_35' title="bbox 310 4369 1479 4450; baseline -0.005 -18"><span class='ocrx_word' id='word_1_305' title='bbox 310 4377 477 4450; x_wconf 90' lang='lat' dir='ltr'><strong>peratorem</strong></span> <span class='ocrx_word' id='word_1_306' title='bbox 497 4377 529 4431; x_wconf 90' lang='lat' dir='ltr'><strong>et</strong></span> <span class='ocrx_word' id='word_1_307' title='bbox 549 4369 692 4430; x_wconf 82' lang='lat' dir='ltr'><strong>Cmsarem</strong></span> <span class='ocrx_word' id='word_1_308' title='bbox 710 4384 745 4429; x_wconf 93' lang='lat' dir='ltr'><strong>ac</strong></span> <span class='ocrx_word' id='word_1_309' title='bbox 765 4369 980 4431; x_wconf 84' lang='lat' dir='ltr'><strong>Ferdinandum</strong></span> <span class='ocrx_word' id='word_1_310' title='bbox 1003 4372 1210 4442; x_wconf 80' lang='lat' dir='ltr'><strong>intercessisse,</strong></span> <span class='ocrx_word' id='word_1_311' title='bbox 1242 4370 1322 4442; x_wconf 88' lang='lat' dir='ltr'><strong>cujus</strong></span> <span class='ocrx_word' id='word_1_312' title='bbox 1343 4370 1479 4440; x_wconf 88' lang='lat' dir='ltr'><strong>temporis</strong></span> 
     </span>
     <span class='ocr_line' id='line_1_36' title="bbox 310 4472 1478 4551; baseline -0.003 -14"><span class='ocrx_word' id='word_1_313' title='bbox 310 4482 372 4537; x_wconf 86' lang='lat' dir='ltr'><strong>tres</strong></span> <span class='ocrx_word' id='word_1_314' title='bbox 383 4478 446 4550; x_wconf 85' lang='lat' dir='ltr'><strong>jam</strong></span> <span class='ocrx_word' id='word_1_315' title='bbox 460 4491 536 4551; x_wconf 91' lang='lat' dir='ltr'><strong>pene</strong></span> <span class='ocrx_word' id='word_1_316' title='bbox 550 4475 619 4535; x_wconf 88' lang='lat' dir='ltr'><strong>anni</strong></span> <span class='ocrx_word' id='word_1_317' title='bbox 634 4474 724 4550; x_wconf 90' lang='lat' dir='ltr'><strong>elapsi</strong></span> <span class='ocrx_word' id='word_1_318' title='bbox 739 4475 806 4533; x_wconf 83' lang='lat' dir='ltr'><strong>sint</strong></span> <span class='ocrx_word' id='word_1_319' title='bbox 833 4475 888 4534; x_wconf 86' lang='lat' dir='ltr'><strong>Vix</strong></span> <span class='ocrx_word' id='word_1_320' title='bbox 902 4475 991 4549; x_wconf 76' lang='lat' dir='ltr'><strong>igitur</strong></span> <span class='ocrx_word' id='word_1_321' title='bbox 1004 4476 1035 4533; x_wconf 94' lang='lat' dir='ltr'><strong>in</strong></span> <span class='ocrx_word' id='word_1_322' title='bbox 1048 4474 1166 4547; x_wconf 88' lang='lat' dir='ltr'><strong>reliquis</strong></span> <span class='ocrx_word' id='word_1_323' title='bbox 1175 4472 1286 4533; x_wconf 89' lang='lat' dir='ltr'><strong>duobus</strong></span> <span class='ocrx_word' id='word_1_324' title='bbox 1295 4474 1376 4531; x_wconf 87' lang='lat' dir='ltr'><strong>anuis</strong></span> <span class='ocrx_word' id='word_1_325' title='bbox 1387 4489 1478 4546; x_wconf 89' lang='lat' dir='ltr'><strong>appa·</strong></span> 
     </span>
     <span class='ocr_line' id='line_1_37' title="bbox 310 4574 1480 4659; baseline -0.005 -16"><span class='ocrx_word' id='word_1_326' title='bbox 310 4574 407 4643; x_wconf 72' lang='lat' dir='ltr'><strong>mum</strong></span> <span class='ocrx_word' id='word_1_327' title='bbox 422 4580 491 4641; x_wconf 92' lang='lat' dir='ltr'><strong>belli</strong></span> <span class='ocrx_word' id='word_1_328' title='bbox 504 4581 670 4659; x_wconf 82' lang='lat' dir='ltr'><strong>recuperari</strong></span> <span class='ocrx_word' id='word_1_329' title='bbox 691 4596 786 4656; x_wconf 86' lang='lat' dir='ltr'><strong>posse.</strong></span> <span class='ocrx_word' id='word_1_330' title='bbox 823 4581 939 4654; x_wconf 74' lang='lat' dir='ltr'><strong>Rogare</strong></span> <span class='ocrx_word' id='word_1_331' title='bbox 960 4580 1048 4653; x_wconf 79' lang='lat' dir='ltr'><strong>igitur</strong></span> <span class='ocrx_word' id='word_1_332' title='bbox 1067 4579 1245 4654; x_wconf 71' lang='lat' dir='ltr'><strong>maiestatem</strong></span> <span class='ocrx_word' id='word_1_333' title='bbox 1266 4593 1422 4651; x_wconf 86' lang='lat' dir='ltr'><strong>suamquc</strong></span> <span class='ocrx_word' id='word_1_334' title='bbox 1443 4578 1480 4637; x_wconf 92' lang='lat' dir='ltr'><strong>ad</strong></span> 
     </span>
     <span class='ocr_line' id='line_1_38' title="bbox 310 4681 1479 4757; baseline -0.003 -10"><span class='ocrx_word' id='word_1_335' title='bbox 310 4685 499 4747; x_wconf 86' lang='lat' dir='ltr'><strong>resarcienda</strong></span> <span class='ocrx_word' id='word_1_336' title='bbox 517 4685 580 4745; x_wconf 83' lang='lat' dir='ltr'><strong>bac</strong></span> <span class='ocrx_word' id='word_1_337' title='bbox 599 4686 777 4745; x_wconf 89' lang='lat' dir='ltr'><strong>incommoda</strong></span> <span class='ocrx_word' id='word_1_338' title='bbox 798 4689 828 4745; x_wconf 90' lang='lat' dir='ltr'><strong>et</strong></span> <span class='ocrx_word' id='word_1_339' title='bbox 847 4682 1077 4757; x_wconf 80' lang='lat' dir='ltr'><strong>praeveniendam</strong></span> <span class='ocrx_word' id='word_1_340' title='bbox 1100 4681 1257 4741; x_wconf 85' lang='lat' dir='ltr'><strong>Turcarum</strong></span> <span class='ocrx_word' id='word_1_341' title='bbox 1279 4683 1479 4743; x_wconf 89' lang='lat' dir='ltr'><strong>truculentiam</strong></span> 
     </span>
     <span class='ocr_line' id='line_1_39' title="bbox 313 4786 1480 4866; baseline -0.007 -11"><span class='ocrx_word' id='word_1_342' title='bbox 313 4799 407 4855; x_wconf 69' lang='lat' dir='ltr'><strong>sams</strong></span> <span class='ocrx_word' id='word_1_343' title='bbox 421 4792 534 4864; x_wconf 87' lang='lat' dir='ltr'><strong>imperii</strong></span> <span class='ocrx_word' id='word_1_344' title='bbox 556 4806 666 4851; x_wconf 89' lang='lat' dir='ltr'><strong>summa</strong></span> <span class='ocrx_word' id='word_1_345' title='bbox 687 4790 784 4866; x_wconf 85' lang='lat' dir='ltr'><strong>aliqua</strong></span> <span class='ocrx_word' id='word_1_346' title='bbox 802 4788 983 4865; x_wconf 73' lang='lat' dir='ltr'><strong>pmnniana,</strong></span> <span class='ocrx_word' id='word_1_347' title='bbox 1006 4802 1072 4859; x_wconf 85' lang='lat' dir='ltr'><strong>quae</strong></span> <span class='ocrx_word' id='word_1_348' title='bbox 1085 4791 1180 4845; x_wconf 71' lang='lat' dir='ltr'><strong>nmen</strong></span> <span class='ocrx_word' id='word_1_349' title='bbox 1195 4788 1226 4846; x_wconf 88' lang='lat' dir='ltr'><strong>in</strong></span> <span class='ocrx_word' id='word_1_350' title='bbox 1240 4801 1342 4847; x_wconf 85' lang='lat' dir='ltr'><strong>nervos</strong></span> <span class='ocrx_word' id='word_1_351' title='bbox 1356 4787 1425 4847; x_wconf 88' lang='lat' dir='ltr'><strong>belli</strong></span> <span class='ocrx_word' id='word_1_352' title='bbox 1438 4786 1452 4847; x_wconf 86' lang='lat' dir='ltr'>f</span> <span class='ocrx_word' id='word_1_353' title='bbox 1467 4817 1480 4830; x_wconf 93' lang='lat'>·</span> 
     </span>
    </p>
   </div>
   <div class='ocr_carea' id='block_1_4' title="bbox 0 0 1865 5692">
    <p class='ocr_par' dir='ltr' id='par_1_9' title="bbox 0 0 1865 5692">
     <span class='ocr_line' id='line_1_40' title="bbox 0 0 1865 5692; baseline 0 0"><span class='ocrx_word' id='word_1_354' title='bbox 0 0 1865 5692; x_wconf 95' lang='lat' dir='ltr'><strong> </strong></span> 
     </span>
    </p>
   </div>
  </div>
 </body>
</html>
