3700 5692
884 678 948 745 199

417 863 480 924 Nos
493 862 608 937 rogarit
620 862 726 945 hospes
741 866 783 936 ut,
805 863 830 921 ei
845 876 903 936 qua
917 859 981 921 fieri
995 863 1108 935 posset,
1132 876 1250 936 operam
1266 863 1398 923 daremus
1414 865 1501 925 domi·

323 986 395 1031 nam
409 984 563 1029 novercam
581 967 659 1041 apud
677 969 772 1041 ipsum
791 966 945 1049 hospitari,
970 966 1048 1039 quod
1067 966 1161 1038 ipsum
1183 968 1212 1025 in
1236 971 1358 1042 gratiam
1380 971 1501 1045 hospitis
1564 954 1568 959 ⁸

326 1074 408 1149 apud
421 1075 538 1134 Jostum
554 1064 761 1133 Colbacherum
776 1079 806 1132 et
819 1072 1007 1157 Melchiorem
1022 1072 1156 1131 Lindium
1173 1074 1296 1147 obtinui,
1321 1093 1355 1135 ea
1370 1078 1448 1151 lege,
1470 1081 1502 1135 nt

324 1180 433 1255 hospes
448 1179 640 1241 hebdomatiru
654 1184 765 1239 tantum
779 1178 905 1246 thaleros
922 1178 1021 1239 decem
1037 1177 1190 1252 acciperet.

361 1323 364 1332 ·
418 1285 568 1361 Philippus
583 1283 675 1343 frater
695 1289 726 1343 et
744 1300 797 1358 ego
821 1285 909 1358 igitur
930 1300 1018 1357 equos
1040 1284 1278 1358 conscendentes,
1296 1304 1370 1363 ‚nam
1391 1288 1415 1346 is
1437 1305 1500 1348 meo

323 1392 455 1465 monitu,
477 1397 511 1449 ut
525 1390 611 1449 matri
626 1390 738 1449 obviam
753 1388 851 1462 fieret,
876 1406 930 1464 ego
945 1395 978 1449 ut
991 1390 1111 1449 maliciae
1128 1392 1271 1451 novercali
1288 1399 1317 1452 ιι
1333 1394 1455 1467 hospitio
1471 1401 1502 1453 et

324 1497 401 1558 urbe
415 1497 556 1556 cederem.
587 1495 691 1569 Sicque
706 1494 752 1555 die
768 1492 882 1555 sabbati
896 1495 1031 1555 vicesima
1046 1496 1132 1557 tertia
1146 1497 1225 1556 lunii
1241 1497 1399 1573 Augustam
1416 1502 1501 1559 comi·

324 1607 410 1663 tante
425 1619 479 1662 nos
493 1598 774 1675 JoanneGalacteo,
789 1601 916 1663 Henrico
932 1599 1107 1675 Etzdorfiio,
1131 1601 1257 1677 Casparo
1274 1603 1381 1678 Comen
1397 1610 1425 1663 et
1440 1606 1498 1663 Lu-

323 1708 430 1769 dovico
445 1723 529 1767 servo
543 1708 692 1781 liquimus,
714 1723 800 1781 quam
815 1707 862 1767 die
877 1707 989 1767 sabbati
1005 1708 1114 1768 decima
1129 1714 1233 1782 quarta
1248 1727 1265 1769 a
1280 1709 1387 1783 Aprilis
1409 1712 1499 1769 intra·

324 1828 472 1873 seramus.
506 1813 570 1872 Nec
582 1813 693 1873 interea
707 1817 806 1872 noctes
823 1813 940 1886 diesque
955 1814 1023 1873 alibi
1039 1814 1178 1889 degimus,
1202 1816 1289 1875 Fauii
1304 1815 1374 1879 deus
1389 1821 1421 1875 ut
1436 1812 1500 1875 feli-

324 1921 400 1981 citer
418 1915 431 1953 1
452 1919 539 1993 sitin
559 1918 684 1993 patriam
705 1917 858 1993 profectio,
886 1934 973 1991 quam
994 1919 1031 1977 sd
1053 1920 1184 1979 Sueviam
1204 1928 1234 1980 et
1259 1922 1422 1983 Vindelicos
1448 1920 1501 1981 luit

323 2025 527 2101 perigrinatio.
564 2024 604 2088 Et
618 2024 787 2085 benedictus
802 2025 840 2083 sit
854 2024 931 2083 idem
941 2024 1020 2098 deus,
1038 2025 1086 2097 qui
1100 2042 1145 2083 me
1155 2027 1185 2082 in
1198 2028 1285 2084 tantis
1295 2028 1501 2087 tentationibus

326 2139 358 2191 et
372 2131 470 2189 animo
486 2137 516 2189 et
530 2146 652 2205 corpore
674 2129 843 2189 ineolumem
864 2144 901 2187 ex
920 2128 1051 2187 omnibus
1073 2131 1232 2203 aquilarum
1253 2136 1282 2190 et
1301 2133 1378 2191 omni
1400 2148 1501 2205 expec-

291 2258 304 2265 ·
324 2236 440 2297 mtione
455 2236 580 2297 omnium
594 2237 774 2295 inimicorum
789 2236 903 2310 eripuit.
936 2234 1032 2294 Donet
1046 2240 1078 2294 ut
1098 2252 1133 2294 ex
1153 2234 1239 2294 eorde
1258 2235 1373 2295 laudem
1396 2251 1499 2296 nomen

327 2343 394 2417 eius
410 2342 501 2403 solius
514 2342 545 2399 in
559 2347 740 2417 perpetuum.

419 2449 500 2508 Inter
510 2446 697 2521 equitandum
706 2447 854 2520 Philippus
869 2444 959 2507 frater
975 2453 1073 2505 noster
1087 2447 1200 2521 rogavit
1215 2449 1255 2519 ut,
1273 2447 1298 2505 si
1315 2447 1368 2506 deo
1384 2449 1499 2521 auspice

326 2556 453 2630 patriam
468 2554 635 2627 confingere
649 2552 719 2611 mihi
741 2553 882 2626 deretur,
894 2559 928 2611 ιιι
951 2554 1011 2627 ejus
1031 2559 1060 2611 et
1082 2550 1204 2611 fratrum
1225 2568 1337 2625 quoque
1357 2551 1498 2611 Dinostiae

325 2662 471 2723 rationem
484 2658 630 2731 haberem,
647 2658 765 2733 addens,
781 2659 937 2732 aliquando
949 2659 1114 2732 meditarer,
1131 2658 1233 2732 quibus
1243 2659 1296 2716 viis
1306 2658 1498 2718 dissensiones

325 2770 407 2829 inter
429 2783 483 2828 nos
506 2766 637 2838 conponi
658 2769 776 2839 possent
797 2782 832 2824 ac
854 2766 949 2824 nescio
973 2764 1042 2839 quid
1066 2766 1141 2825 intra
1165 2765 1281 2825 buccam
1308 2781 1497 2825 murmurans.

326 2873 403 2933 Cum
416 2872 636 2945 interrogarem,
653 2886 725 2944 quas
740 2872 951 2930 controversias
968 2870 1085 2944 diceret,
1102 2870 1152 2944 ait,
1169 2871 1244 2929 inter
1259 2887 1348 2945 pagos
1365 2872 1453 2929 Τιιιιι
1468 2876 1498 2929 ιι

325 2975 491 3039 Berndord.
524 2976 674 3051 Respondi
688 2992 741 3050 pro
756 2981 900 3051 tempore,
924 2992 988 3049 quae
1009 2976 1047 3037 ad
1067 2993 1167 3052 pacem
1189 2974 1283 3035 iacere
1304 2978 1416 3050 putavi,
1440 2994 1498 3038 non

324 3084 461 3159 neglecta
474 3082 590 3141 interim
604 3081 734 3141 veritatis
750 3084 928 3156 ostensione,
950 3088 982 3141 ut
996 3085 1041 3142 vel
1057 3083 1170 3156 palpari
1184 3088 1296 3157 posset,
1318 3080 1385 3156 quid
1404 3082 1497 3154 velim,

324 3188 510 3262 concludens,
527 3189 621 3247 nullas
634 3188 749 3247 omnino
763 3188 839 3248 inter
854 3203 906 3245 nos
922 3185 1115 3269 dissensiones
1129 3188 1201 3261 fore,
1217 3189 1241 3246 si
1257 3204 1320 3246 eum
1336 3189 1365 3245 in
1380 3204 1424 3245 me
1440 3188 1500 3247 ani·

326 3311 408 3355 mum
422 3299 571 3369 gererent,
594 3294 707 3367 qualem
721 3309 816 3352 meum
830 3293 861 3350 in
874 3268 953 3365 ipsos
971 3297 1078 3364 prater
1097 3293 1168 3351 alias
1180 3294 1275 3351 „modo
1297 3292 1344 3350 hic
1362 3293 1499 3365 Augustae

328 3402 444 3476 experti
460 3403 563 3474 essent,
580 3405 611 3457 et
625 3415 684 3471 eos,
701 3415 822 3471 quorum
835 3386 932 3456 omnia
949 3392 960 3430 ³
976 3414 1034 3456 non
1048 3398 1154 3471 ignota,
1171 3400 1220 3471 qui
1236 3398 1329 3459 oleum
1344 3399 1374 3455 in
1390 3399 1499 3466 camino

328 3510 376 3585 (ut
396 3506 427 3565 in
447 3506 601 3580 proverbio
622 3503 738 3579 dicitur)
762 3502 938 3577 suffundent,
961 3504 1007 3561 vel
1022 3520 1039 3561 a
1054 3520 1084 3562 se
1100 3510 1264 3563 amoverent
1278 3505 1323 3563 vel
1337 3505 1439 3563 saltem
1454 3520 1500 3562 co·
1580 3561 1588 3573 ,

325 3613 490 3685 hercerent,
505 3612 677 3694 tandemque
690 3611 787 3683 recepi
802 3626 866 3683 quae
881 3626 994 3683 possem
1008 3609 1191 3670 libentissime
1207 3624 1251 3666 me
1265 3608 1415 3668 facturum.

407 3716 647 3787 ⁴Transeuntibus
670 3723 766 3775 autem
782 3716 969 3774 Wernitzium
991 3713 1121 3785 fluvium,
1143 3715 1189 3773 ιιι
1204 3715 1281 3787 quod
1295 3712 1382 3775 fluvio
1397 3732 1500 3775 nomen

328 3830 387 3898 eat,
409 3828 439 3882 et
452 3821 750 3898 appropinquantibus
765 3822 870 3881 casula
886 3822 929 3879 illi
943 3822 973 3879 in
988 3822 1062 3880 viam
1078 3819 1216 3879 Werdam
1232 3821 1378 3896 euntibus,
1399 3822 1499 3882 Justus

327 3946 412 4007 puer,
429 3946 513 4004 quem
527 3924 618 3987 freter
632 3928 782 4002 Philippus
797 3929 989 4001 praemiserat,
1006 3942 1070 3985 oum
1086 3925 1219 4000 Adelpho
1234 3944 1334 3986 rursus
1350 3926 1433 3986 nobis
1449 3928 1499 3987 ob-

328 4015 537 4110 siamremmt
552 4018 679 4092 dicentes
693 4038 814 4092 matrem
833 4035 863 4092 in
882 4050 957 4106 pago
978 4029 1159 4091 Gersthoven
1179 4039 1207 4093 et
1228 4050 1364 4107 prensam
1385 4048 1448 4091 esse
1471 4038 1500 4091 et

328 4140 431 4199 isthaec
445 4139 611 4214 Philippum
626 4145 786 4214 expectare,
808 4144 840 4197 ut
861 4155 923 4197 eam
943 4137 1103 4213 Augustam
1126 4139 1259 4197 deducat.
1290 4137 1333 4196 Ac
1353 4130 1499 4210 paululum

329 4244 492 4321 progressis
507 4260 541 4303 ae
552 4245 613 4317 jam
627 4262 734 4318 pagum
748 4245 921 4304 intrantibus
937 4246 1033 4307 nescio
1049 4246 1128 4319 cujm
1147 4244 1230 4317 jussu
1249 4242 1322 4302 dixit
1340 4241 1499 4315 Adelphos,

330 4352 476 4411 dominam
492 4354 613 4409 matrem
626 4366 731 4423 rogare
746 4356 779 4410 ut
793 4350 924 4410 Eubulus
941 4367 1053 4425 quoque
1068 4367 1131 4409 eam
1146 4349 1255 4421 alloqui
1271 4349 1364 4406 vellet.
1397 4348 1500 4421 ltaque

330 4474 395 4520 eam
409 4457 440 4517 iu
454 4456 576 4517 taberna
590 4456 781 4531 reperientes,
804 4472 868 4529 quae
883 4456 933 4515 ubi
948 4472 999 4515 uos
1016 4456 1176 4528 conspexit,
1200 4452 1277 4513 foras
1299 4453 1410 4513 obviam
1431 4469 1499 4512 con-

331 4564 407 4623 cedit
422 4569 451 4623 et
465 4564 586 4623 hilarem
600 4580 661 4637 prae
677 4579 708 4621 se
722 4560 818 4623 ferens
832 4561 956 4623 frontem
973 4579 1024 4621 nos
1041 4561 1128 4619 amice
1145 4560 1265 4631 excepit.
1297 4559 1321 4619 0
1341 4556 1500 4619 mirabilem

908 4683 924 4717 *

407 4775 417 4819 i
439 4771 500 4821 Lies
520 4771 629 4823 felicior.
705 4770 862 4820 inomina?
885 4833 889 4837 ff
