3700 5692
421 678 466 737 au
877 654 1116 727 stimma

511 824 604 892 Unde
627 841 738 888 eorum
761 827 811 886 est
833 838 936 887 vacue
958 816 1041 882 farto
1064 816 1156 901 pyxis
1182 820 1281 898 atque
1304 814 1465 898 capsulae,

510 929 596 995 unde
619 926 760 1010 fugitivis
782 924 915 991 anhelet
938 942 1013 989 arca
1036 930 1147 987 nostra
1171 922 1351 987 nummulis.

463 1055 497 1107 ss
552 1034 684 1100 Interim
710 1033 890 1114 conscripta
913 1029 1006 1095 uobis
1029 1046 1128 1110 opera
1151 1028 1320 1110 luctusque
1342 1027 1463 1110 ingeni,

512 1140 597 1205 mille
621 1138 761 1205 noctium
785 1136 922 1216 vigiliae,
947 1135 1063 1213 longus
1087 1152 1243 1199 annorum
1266 1133 1368 1213 labor,

514 1264 588 1312 esca
610 1245 707 1310 tineis
729 1247 762 1307 et
783 1240 969 1323 pudendum
990 1239 1145 1320 ,pabulum
1169 1238 1280 1305 blattis
1302 1238 1417 1317 iacent,

513 1351 604 1436 queis
626 1347 808 1417 coronidem
825 1362 1019 1426 supremam,
1042 1345 1134 1427 queis
1150 1363 1280 1409 manum
1297 1344 1416 1409 addere
1433 1343 1575 1408 ultimam

515 1456 687 1539 impeditur
711 1458 822 1519 nostre
843 1451 929 1516 curis
952 1448 1056 1515 fracta
1078 1467 1168 1515 meus
1192 1449 1381 1515 domesticis

466 1584 501 1636 70
514 1562 649 1644 Saepius
672 1577 744 1624 mea
767 1556 949 1638 ingemiscit
970 1555 1064 1621 Musa
1088 1555 1203 1621 damno
1227 1555 1294 1634 hoc,
1317 1556 1447 1635 integra

516 1670 605 1748 virgo
629 1663 801 1749 quondam,
825 1681 909 1727 nunc
932 1660 1055 1742 pudore
1078 1662 1251 1742 prostituto
1273 1698 1316 1711 -
1341 1662 1426 1726 absit
1449 1662 1560 1744 procul

516 1791 610 1840 omen
635 1768 709 1837 hocl
731 1805 774 1817 -
796 1767 965 1834 meretrice
988 1771 1125 1849 quaestu
1146 1767 1250 1833 verita
1272 1766 1370 1832 solari
1393 1765 1524 1831 famem.

517 1880 631 1962 Tuque
654 1894 717 1941 non
741 1893 815 1939 raro
839 1872 942 1938 tulisti
966 1872 1108 1953 graviter
1129 1872 1190 1940 boc
1213 1871 1415 1954 dispendium

518 1984 656 2062 Phoebe,
680 1981 815 2047 amicum
839 1997 958 2044 numen
980 1977 1065 2054 olim,
1088 1977 1170 2043 fidus
1197 1978 1354 2044 hactenus
1377 1994 1498 2043 comes.

472 2110 505 2162 to
518 2091 587 2171 Quo
610 2086 695 2173 iugis
717 2086 827 2153 nunc?
872 2085 982 2168 Teque
1005 2083 1098 2149 solito
1123 2084 1285 2150 subtrahis
1308 2082 1520 2165 conspectui?

564 2192 695 2259 Talibus
720 2194 844 2255 noctem
868 2187 1010 2272 fatigans
1032 2187 1262 2269 Daphnorinus
1285 2188 1465 2271 questibus,

521 2299 644 2365 nescios
667 2296 791 2377 soporis
814 2294 922 2361 oculos
946 2295 1101 2375 irrigabat
1122 2293 1270 2361 lacrimis.

523 2403 603 2469 Cum
627 2400 793 2481 refulgens
815 2401 887 2476 luce
909 2400 996 2467 clara
1018 2399 1167 2467 Phoebus
1190 2399 1274 2465 ultro
1298 2418 1334 2465 se
1355 2400 1485 2479 obtulit,

524 2515 556 2575 et
579 2526 678 2590 genas
702 2512 832 2589 tergens
856 2507 966 2572 amicis
989 2506 1084 2573 solvit
1103 2524 1160 2573 ora
1182 2505 1327 2572 uocibus:

475 2633 510 2685 eo
563 2612 665 2678 Parce
688 2611 792 2678 coelos
816 2612 1005 2678 immereute
1027 2628 1202 2692 provocare
1224 2609 1358 2675 iniuriat

526 2718 642 2785 Certus
665 2724 744 2797 esto,
768 2718 853 2801 quod
876 2722 1004 2782 tuarum
1029 2717 1110 2783 dura
1131 2732 1238 2781 rerum
1262 2714 1424 2781 acerbitas

526 2829 637 2889 sancta
660 2823 746 2905 regis
768 2823 922 2889 Friderici
946 2822 1158 2889 commonebit
1178 2825 1316 2903 pectora,

527 2930 578 2995 cui
600 2923 750 3010 suprema
771 2928 824 2994 lex
847 2935 968 2996 etune
992 2946 1069 2995 cura
1091 2931 1164 3006 stat,
1187 2925 1298 3009 populi
1321 2926 1417 2993 salus.

528 3032 594 3099 Cur
616 3040 672 3100 tuo
696 3035 809 3101 sedeat
831 3034 941 3117 iniqua
964 3034 1059 3102 corde
1082 3031 1284 3099 diffidentia?

479 3139 630 3210 ssTanta
651 3140 738 3222 regis
760 3140 957 3221 magnitudo,
982 3145 1072 3206 tantu
1093 3140 1195 3206 virtus
1218 3138 1380 3221 principis,

529 3264 589 3310 nec
609 3265 720 3328 parem
743 3247 794 3313 cui
818 3264 877 3313 nec
900 3244 1075 3312 secuudum
1099 3249 1210 3311 nostre
1233 3249 1371 3309 cernunt
1392 3242 1510 3321 secula,

528 3368 606 3417 vera
628 3370 722 3434 quem
745 3353 846 3419 niveis
869 3352 1033 3437 quadrigis
1055 3349 1153 3417 Fama
1175 3350 1261 3417 coelo
1284 3348 1425 3429 sustulit,

529 3456 613 3538 quod
636 3457 791 3523 ministris
813 3476 915 3540 parva
936 3456 1080 3540 quamvis
1102 3472 1267 3537 paucaque
1290 3452 1484 3520 officin‘suis

499 3552 508 3565 ⁰
530 3561 669 3641 gaudeat
689 3580 828 3643 pensare
851 3562 942 3644 larga
965 3571 997 3628 et
1018 3561 1141 3628 liberali
1166 3561 1307 3639 dextem,

482 3671 561 3735 eote
583 3667 706 3733 videbit
727 3668 915 3735 derelictum
938 3667 1189 3749 destitutumque
1210 3665 1330 3733 auxilii

531 3771 597 3836 Nec
621 3771 710 3838 dabit
729 3790 866 3839 messem
887 3772 1034 3839 laborum
1056 3778 1186 3851 metere,
1209 3789 1288 3854 quos
1310 3777 1345 3835 tu
1368 3776 1419 3836 ter
1441 3772 1543 3837 decem

530 3874 592 3941 iam
616 3894 675 3957 per
696 3896 799 3943 anuos
821 3878 992 3959 pertulisti,
1017 3878 1111 3943 laude
1135 3895 1199 3943 non
1222 3874 1402 3959 inglorius?

533 3978 594 4058 Qui
617 3987 691 4047 tuae
713 4001 771 4047 uer
792 3983 940 4049 acuitatis
963 3990 1060 4066 atque
1083 3981 1213 4049 floridos
1236 3982 1305 4047 dies

532 4084 669 4165 publicis
693 4087 805 4154 Danae
826 4088 979 4155 iuventae
1002 4087 1195 4155 consecrasti
1219 4086 1399 4167 commodis,

486 4206 520 4258 95
533 4195 568 4254 ut
590 4191 698 4271 gravis
723 4210 809 4259 nunc
831 4193 944 4259 bruma
967 4194 1052 4259 vitae
1075 4198 1203 4275 torpent
1225 4192 1310 4258 tristi
1331 4190 1415 4273 gelu,

535 4300 568 4359 et
591 4295 665 4361 nive
684 4313 850 4378 aspersum
872 4297 1023 4363 indecoro
1046 4297 1192 4381 squaleat
1213 4298 1278 4362 situ
1300 4295 1419 4377 caput?

534 4399 637 4480 Absit,
658 4399 745 4466 absit
766 4401 829 4467 ista
851 4402 967 4467 mentis
992 4402 1138 4485 cogitatio
1161 4400 1289 4483 impiae!

536 4503 661 4586 Nonne,
685 4508 915 4589 cumprimum
939 4526 1056 4574 cornua
1079 4508 1222 4589 cingeret
1244 4526 1302 4573 rex
1323 4506 1480 4583 verticem,

536 4627 643 4674 annuo
668 4615 758 4677 tuum
780 4612 888 4678 beavit
910 4617 1025 4693 sponte
1049 4630 1180 4679 censum
1203 4613 1354 4693 auctario,
1571 4608 1574 4615 ’

474 4729 525 4782 100
535 4712 615 4794 regii
636 4711 756 4781 lovoris
777 4714 875 4782 arrha
891 4716 1000 4797 prima
1019 4722 1147 4801 sceptra
1167 4716 1391 4799 inauguraret
