3700 5692
955 712 1021 781 246

492 905 520 967 A
539 904 677 967 concione
696 902 877 978 ionmcnlum
898 898 1069 974 sumpsimus
1088 912 1123 957 ac
1147 899 1178 959 iu
1197 896 1279 961 Uhur
1302 898 1334 959 iu
1351 896 1478 961 sanam
1498 896 1575 959 cibos

399 1014 501 1091 parari
515 1012 676 1071 curavimus
690 1025 744 1084 pro
759 1007 893 1067 muliebri
900 1006 1046 1079 comitatu,
1061 1004 1114 1065 hos
1128 1010 1224 1067 tamen
1238 1005 1362 1081 primum
1371 1006 1457 1081 juxta
1470 1021 1576 1081 pagum

401 1121 520 1180 Harlem
535 1118 574 1177 ad
588 1132 669 1176 oram
684 1113 814 1174 Sohualb
832 1109 956 1169 fluminis
980 1109 1197 1187 insumpsimus,
1209 1170 1211 1179 ,
1221 1110 1291 1173 inde
1304 1115 1385 1172 recta
1399 1110 1576 1171 Waldeoiam

401 1230 532 1303 petentes
552 1222 666 1283 circiter
687 1224 820 1295 quartam
838 1216 1064 1293 pomeridianam
1088 1232 1190 1291 arcemn¹
1204 1217 1328 1291 patriam
1348 1218 1504 1290 intramus,
1528 1216 1577 1275 ubi

402 1313 455 1391 uos
476 1333 622 1405 compater
641 1332 740 1403 noster
760 1339 855 1385 comes
871 1322 985 1383 Samuel
1009 1322 1135 1397 excepit,
1164 1322 1214 1395 qui
1235 1326 1266 1381 et
1284 1320 1432 1381 nobiscum
1445 1324 1577 1381 coenatus

403 1442 456 1497 est.
480 1436 636 1500 Waldecioe
652 1433 793 1493 neminem
807 1435 915 1504 praeter
929 1424 1051 1489 Honfels
1071 1433 1100 1487 et
1115 1426 1278 1489 Gouradum
1294 1426 1401 1489 Cocum
1414 1442 1480 1487 oum
1494 1424 1576 1487 iami-

401 1544 451 1618 lia,
468 1558 532 1617 quae
546 1542 587 1602 ibi
601 1554 665 1599 esse
680 1537 837 1612 cousuevit,
852 1536 1021 1611 reperimus.

491 1646 594 1720 ltaque
607 1663 625 1705 v
639 1643 749 1719 Aprilis
763 1660 783 1703 a
797 1642 939 1704 Waldeck
951 1642 1049 1701 tristes
1065 1643 1095 1699 et
1108 1638 1187 1699 anxii
1201 1634 1332 1713 proiecti,
1358 1654 1417 1697 non
1431 1638 1579 1701 muscicu-

403 1753 445 1813 tia
459 1752 511 1811 sed
524 1751 664 1811 malorum
679 1747 873 1809 delationibus
887 1748 968 1819 moti,
990 1746 1073 1820 iusta
1087 1744 1244 1819 psalmistis
1259 1743 1360 1803 uerba:
1379 1743 1513 1803 »Euutes
1527 1743 1578 1805 tle·

403 1858 494 1916 vimus
508 1856 654 1915 mittentes
668 1853 779 1913 semina
791 1857 923 1925 nosha«,
938 1852 1074 1911 ucesima
1093 1848 1220 1909 secunda
1232 1848 1306 1909 Julii
1320 1853 1501 1909 reumtentes
1517 1852 1580 1911 sani

403 1967 434 2022 et
446 1962 553 2036 integri
566 1976 630 2019 cum
645 1958 814 2018 charissima
827 1956 1065 2017 uxorelsetantes
1074 1955 1114 2017 ad
1122 1952 1243 2015 eandem
1256 1968 1352 2017 arcem
1366 1954 1498 2015 uenimus
1512 1971 1579 2029 por-

403 2071 498 2128 tantes
513 2041 812 2140 manipulos‘nostros.

492 2170 667 2231 Benedictus
688 2170 777 2245 igitur
796 2170 836 2229 sit
850 2168 922 2229 deus
937 2173 1020 2243 puter
1035 2167 1171 2241 scelestis,
1192 2165 1242 2243 qui
1256 2181 1310 2241 nos
1325 2164 1361 2226 de
1375 2182 1463 2225 mann
1477 2170 1581 2242 puteu-

404 2279 444 2339 tis
458 2284 489 2339 et
507 2278 585 2337 omui
603 2278 803 2351 expectatione
822 2275 1001 2334 inimicorum
1023 2273 1141 2349 eripuit,
1165 2277 1196 2333 et
1209 2272 1234 2331 is
1249 2270 1333 2331 modo
1353 2272 1581 2333 misericorditer

408 2384 517 2445 donare
532 2382 681 2456 dignetur,
705 2385 740 2439 ut
753 2380 897 2441 vocationi
909 2396 981 2440 meae
997 2384 1113 2455 mucce,
1129 2378 1154 2439 si
1170 2378 1266 2437 divina
1281 2379 1324 2437 sic
1338 2394 1391 2437 sua
1404 2374 1464 2439 fert
1477 2378 1579 2439 uoluu-

403 2493 460 2561 tas,
475 2487 615 2547 inservire
629 2486 669 2547 ad
683 2488 728 2545 sui
741 2486 916 2546 sacrosancti
930 2486 1054 2558 nominis
1070 2486 1203 2561 gloriam,
1226 2483 1404 2544 subditorum
1419 2481 1581 2559 proiectum

403 2597 435 2653 et
448 2593 547 2651 uxoris
567 2594 597 2653 et
615 2590 773 2652 liberorum
793 2606 943 2665 meamque
965 2591 1086 2651 salntem
1107 2590 1165 2649 rite
1179 2596 1291 2663 queam,
1329 2588 1420 2662 quue
1434 2605 1489 2663 per
1505 2606 1580 2663 oum,

405 2698 456 2773 qui
469 2714 522 2757 nos
540 2697 601 2757 sibi
615 2698 745 2773 precioso
761 2714 813 2757 suo
837 2697 978 2771 sanguine
996 2700 1139 2755 mercatus
1155 2699 1214 2769 est,
1234 2694 1253 2755 J
1255 2710 1334 2754 esum
1349 2693 1505 2771 Christum,
1532 2696 1581 2755 do·

405 2803 513 2863 minum
527 2808 667 2879 nostrum,
684 2803 731 2863 cui
745 2819 808 2863 oum
822 2802 923 2863 eodem
937 2806 1021 2877 patre
1037 2804 1067 2860 et
1081 2804 1180 2861 sancto
1201 2801 1306 2877 spiritu
1319 2800 1382 2861 laus
1398 2800 1437 2860 sit
1451 2806 1482 2863 et
1496 2801 1583 2864 hane

403 2909 491 2969 dictio
505 2908 538 2967 in
552 2909 657 2969 secula.
679 2908 782 2969 Amen.

495 3013 617 3073 Domine
632 3013 713 3089 deus,
730 3013 782 3087 da,
797 3030 856 3073 uon
872 3013 950 3087 quod
964 3016 1050 3073 autes
1065 3010 1149 3085 quid,
1170 3009 1288 3072 interim
1302 3013 1353 3081 aut
1368 3006 1490 3083 posthac
1505 3026 1581 3071 mnr-

405 3117 472 3178 talis
491 3134 581 3178 vanus
604 3118 706 3177 statuit
726 3123 869 3179 rmtuetve
892 3116 1003 3191 iacere,
1027 3117 1079 3177 sed
1104 3116 1182 3191 qnod
1205 3115 1254 3175 ille
1276 3130 1329 3175 uos
1344 3114 1469 3189 edocuit,
1493 3131 1582 3193 super

405 3239 491 3299 quem
504 3223 669 3285 indordaue
682 3225 800 3299 spiritus
814 3229 881 3283 tuus
895 3225 988 3286 bonus
1002 3224 1081 3283 visus
1093 3226 1138 3283 est
1152 3225 1182 3280 et
1196 3211 1282 3297 quem
1296 3236 1384 3281 unum
1399 3221 1498 3295 patria
1513 3236 1582 3287 uoce

356 3310 363 3326 ⁴
404 3344 457 3389 uos
472 3328 573 3389 audire
586 3330 761 3405 precepisti.
771 3330 885 3411 samen.
1459 3376 1462 3385 .

495 3433 565 3493 (lum
579 3434 708 3494 loannes
728 3420 840 3495 Nellius
860 3434 1042 3495 amanuensis
1060 3439 1160 3495 noster
1189 3436 1231 3493 24
1251 3431 1404 3493 Februarii
1427 3447 1507 3497 auno
1528 3437 1580 3491 ete.

409 3540 614 3601 sentinando
638 3540 705 3601 buic
723 3545 898 3614 postremam
917 3558 1032 3601 manum
1056 3540 1251 3617 imposuisset,
1276 3536 1416 3615 postridie
1438 3538 1503 3610 ojus
1527 3537 1582 3599 diei

405 3646 566 3723 Philippus,
582 3645 711 3706 Joaunes
731 3651 762 3706 et
774 3646 948 3707 Francisous
968 3647 1087 3707 comites
1101 3646 1132 3705 iu
1146 3642 1288 3715 Waldeok
1305 3639 1411 3703 hatres
1427 3644 1524 3705 nostri
1537 3658 1581 3703 ao-

406 3750 472 3812 dem
485 3752 616 3827 genitore
636 3753 784 3814 nobiscum
805 3754 861 3813 sati
878 3754 1001 3828 primum
1023 3752 1155 3813 dotshda
1173 3750 1271 3809 uxoris
1293 3752 1401 3837 nostrae
1416 3747 1580 3809 missia

406 3858 488 3935 (licet
509 3860 642 3919 malevoli
661 3864 691 3919 et
712 3858 816 3933 quibus
835 3858 990 3919 eoncordia
1010 3856 1133 3919 fratrum
1147 3872 1206 3917 uon
1219 3856 1333 3915 lucrosa
1348 3853 1447 3923 lutura
1461 3856 1578 3918 timeba-

405 3969 454 4025 tur
467 3964 498 4023 iu
512 3967 629 4025 tertium
644 3982 735 4041 usque
750 3982 858 4025 aunum
871 3966 939 4027 huie
952 3966 1072 4039 negocio
1087 3958 1265 4037 obstiterint)
1289 3965 1318 4019 et
1332 3961 1392 4021 suis
1407 3961 1580 4039 syngraphis

407 4074 438 4130 et
451 4070 552 4145 sigillis
565 4070 780 4132 confirmarunt.
820 4072 1004 4146 Quapropter
1019 4074 1049 4129 et
1063 4084 1127 4145 ego,
1144 4073 1279 4143 expertus
1292 4084 1354 4127 uon
1367 4066 1505 4131 mnfundi
1519 4068 1579 4145 qni·

405 4192 518 4251 cunque
541 4181 694 4256 expectant
713 4178 873 4251 domiuum,
897 4181 1011 4250 patrem
1032 4175 1138 4236 domini
1159 4178 1189 4233 et
1209 4171 1373 4235 liberatoris
1396 4175 1490 4237 nostri
1511 4175 1580 4235 lesu

404 4280 514 4341 Christi
537 4298 600 4341 cum
621 4281 681 4343 filio
701 4298 754 4342 suo
780 4282 966 4345 ddcctissimo
984 4287 1015 4343 at
1033 4281 1136 4355 spiritu
1155 4284 1256 4339 sancto
1272 4276 1427 4355 coufitcm,
1449 4280 1536 4341 laudo
1552 4283 1580 4339 et

404 4386 545 4449 benedico
559 4388 590 4447 iu
604 4393 708 4452 cunda
721 4388 819 4449 secula
833 4388 1004 4447 seculorum.
1026 4386 1129 4445 Amen.

496 4491 600 4551 Actum
617 4490 769 4581 Gorbachii
790 4494 822 4552 iu
835 4492 952 4553 archivo
967 4492 1107 4553 litterario
1122 4498 1221 4553 uestro
1236 4493 1267 4553 in
1281 4492 1438 4567 prasentia
1451 4492 1508 4553 mei
1521 4490 1579 4551 Eu-

408 4597 470 4657 buli
484 4601 516 4656 at
528 4597 689 4658 Hermauni
702 4614 739 4659 ac
751 4599 873 4659 loannis
888 4598 1059 4675 Nelliorum,
1075 4586 1278 4673 germanorum
1291 4595 1424 4671 nanum,
1442 4597 1509 4657 dum
1522 4598 1579 4655 Ro

408 4702 553 4761 manensis
578 4703 681 4761 cohors
706 4704 841 4764 meiana
862 4710 955 4766 oestro
980 4704 1105 4779 percitus
1125 4703 1273 4765 interitum
1297 4702 1446 4763 intentans
1467 4701 1578 4763 iuterim

411 4805 498 4863 remis
516 4806 645 4879 velisque
664 4808 732 4867 huic
745 4808 851 4884 oppido
872 4809 1009 4871 invehere
1036 4814 1169 4884 conatur,
1200 4808 1277 4889 quod
1294 4805 1508 4885 prohibeatis,
1527 4806 1579 4881 qui
