3700 5692
840 716 913 787 ’985

290 906 436 969 Auctoris
450 910 548 967 cutem
561 902 708 967 montibus
722 900 867 965 Schwartz
880 900 987 965 flumen
1000 909 1138 980 muntem,
1154 905 1185 965 iu
1199 922 1256 981 quo
1271 922 1324 967 oux
1339 912 1383 967 est
1397 908 1461 982 sita,

290 1013 404 1073 divellit
418 1013 641 1085 circumquaque
653 1012 747 1085 ipsum
756 1011 973 1086 praeterlabens.
996 1011 1058 1071 Nec
1069 1015 1151 1088 patet
1162 1011 1200 1073 ad
1212 1028 1307 1073 arcem
1320 1015 1375 1075 nisi
1389 1031 1462 1075 unns

289 1134 437 1192 accessus,
459 1123 492 1177 et
512 1119 538 1176 is
558 1115 722 1177 selebrosns
744 1123 775 1177 et
789 1117 916 1179 silicibus
931 1116 1033 1192 plenus
1055 1132 1145 1191 nsque
1167 1117 1205 1177 ed
1218 1120 1368 1193 superiora
1388 1122 1464 1181 ercis

289 1223 422 1285 edificio.
446 1224 543 1284 Habet
556 1239 575 1283 a
589 1222 683 1297 primo
697 1222 819 1283 introitu
832 1238 923 1297 usquc
937 1222 976 1282 ad
987 1238 1125 1283 summum
1136 1224 1211 1283 orcis
1221 1230 1321 1297 portas
1335 1225 1464 1298 quotidie

290 1327 462 1388 reserandas
477 1329 612 1403 quinque.
635 1325 851 1389 Introenntibus
865 1342 962 1387 arcem
976 1327 1015 1387 ad
1030 1327 1160 1389 demam
1174 1327 1315 1391 habitatio
1329 1347 1405 1391 nunc
1419 1337 1464 1391 est

290 1433 436 1495 Guntberi
455 1435 581 1509 comitis,
612 1433 681 1495 clim
702 1434 822 1493 Henriei
840 1434 934 1493 soceri
953 1434 1044 1495 nostri
1062 1433 1145 1495 sedes
1165 1432 1293 1495 edificiis
1312 1436 1462 1497 adornate.

289 1541 337 1603 Ad
351 1540 499 1599 sinistrum
514 1539 615 1599 domus
630 1544 675 1599 est
688 1538 809 1600 loannis
819 1539 939 1598 Henrici
954 1544 984 1599 et
998 1537 1118 1599 sediculo
1132 1554 1222 1599 sacra.
1246 1540 1373 1601 Joannes
1385 1542 1463 1601 Hen-

289 1650 367 1707 ricus
379 1646 441 1720 jam
455 1645 561 1705 ibidem
575 1642 709 1720 edificet.
740 1646 907 1705 Mansiones
925 1647 1074 1721 utriusque
1089 1647 1199 1709 comitis
1213 1646 1336 1708 medinm
1348 1648 1405 1707 iter
1419 1648 1462 1709 di·

289 1754 372 1813 sidit.
409 1752 507 1812 Habet
528 1758 559 1812 et
576 1748 685 1812 fossata
710 1756 740 1811 et
758 1752 860 1811 turrim
887 1751 1060 1826 quadratum
1079 1769 1098 1813 a
1118 1754 1211 1827 prima
1234 1760 1319 1829 portu
1336 1754 1376 1815 ed
1394 1753 1463 1815 dex-

289 1865 366 1919 tram
381 1863 436 1918 eto.
458 1856 569 1917 Nemus
582 1859 643 1917 arci
657 1858 787 1933 proxime
801 1858 936 1917 adiacens
952 1858 1005 1918 den
1018 1858 1267 1935 Sobwortuburger
1276 1859 1376 1921 Wuldt
1390 1862 1464 1923 soci·

290 1970 379 2026 tatur.
419 1963 516 2023 Habet
530 1968 560 2023 et
573 1964 699 2023 mineras
713 1960 792 2023 ierri.
831 1963 905 2023 Sunt
924 1968 955 2025 ct
969 1980 1004 2023 ea
1023 1980 1141 2025 nemora
1162 1966 1322 2039 quercubus
1341 1973 1371 2027 et
1384 1966 1462 2029 abie-

291 2072 368 2132 tibus
388 2070 500 2131 consita
518 2083 669 2130 cervorum
687 2068 797 2129 ferocia
818 2069 944 2143 uanuae
965 2069 1053 2143 sylvae
1068 2074 1098 2129 et
1117 2068 1230 2131 stabula
1249 2072 1309 2131 alta
1326 2070 1462 2149 ferarum,

290 2194 345 2237 nec
357 2176 421 2237 visu
436 2178 543 2235 curent.
580 2176 748 2235 Tenuernnt
761 2179 857 2235 autem
877 2175 952 2235 banc
969 2190 1064 2235 arcem
1082 2175 1140 2235 duo
1159 2176 1286 2236 comites.
1324 2176 1420 2237 Ceteri
1432 2180 1463 2239 in

289 2283 555 2343 Franckcuhausen
579 2287 609 2341 et
630 2282 870 2344 Sundershausen
892 2281 1067 2342 habiturust.
1105 2280 1215 2356 Agrum
1241 2282 1330 2343 hebet
1350 2282 1464 2360 frugum

289 2391 360 2450 suus
374 2387 512 2463 ferocem,
533 2388 587 2449 sed
601 2388 691 2450 niueis
705 2392 799 2463 caret,
821 2388 934 2462 siligine
949 2403 1035 2461 quem
1048 2387 1145 2447 tritico
1164 2386 1260 2448 ditior.
1299 2387 1463 2451 Guntherus

289 2495 472 2557 redditumio
485 2511 553 2555 suas
567 2495 731 2555 mansiones
745 2494 893 2555 commisit
931 2494 1059 2555 loannes
1072 2493 1214 2553 Hemicus
1229 2493 1395 2570 praelectum
1410 2514 1462 2557 uo·

290 2602 378 2663 bilem
387 2606 417 2661 et
428 2606 600 2674 questoren
610 2601 707 2674 babet,
721 2602 815 2675 major
826 2618 895 2677 puts
906 2599 1092 2662 {edificiorum
1100 2598 1247 2661 Gunthero
1262 2600 1346 2662 cedit.
1367 2602 1464 2665 Habet

291 2714 321 2769 et
335 2713 455 2784 puteum
469 2713 500 2768 et
512 2705 634 2767 iontmes
648 2724 739 2783 equus
752 2724 806 2783 per
818 2709 934 2768 canales
950 2707 1097 2769 deducas.
1128 2709 1260 2783 quuscor
1274 2709 1394 2771 erarius
1412 2709 1462 2769 Jo-

290 2815 375 2875 unnis
388 2813 507 2873 Henriei
521 2812 635 2872 domum
649 2814 761 2875 comitis
775 2813 821 2873 sni
834 2813 961 2875 ostendit
974 2815 1067 2890 nobis,
1082 2830 1166 2891 pene,
1182 2829 1267 2877 caseo
1283 2820 1312 2875 et
1327 2816 1465 2877 cerevisia
1522 2828 1529 2837 ’

290 2936 343 2979 nos
365 2916 508 2979 reficiens.
546 2919 622 2979 Nam
641 2919 726 2979 veriti
746 2936 783 2980 ne
803 2917 877 2980 forte
900 2934 994 2981 comes
1015 2934 1083 2981 snus
1102 2922 1307 2995 superveniens
1326 2937 1378 2981 nos
1397 2921 1463 2983 uiuo

290 3026 444 3099 obrueret,
460 3040 549 3100 ocyus
562 3025 782 3086 Rudelstudium
796 3026 929 3100 petimus.

380 3129 492 3192 Eadem
501 3130 699 3207 Wolffqanqus
713 3145 808 3190 comcs
822 3129 986 3191 uGieicben
999 3133 1119 3195 audiens
1134 3147 1187 3193 nos
1202 3132 1282 3195 brevi
1296 3135 1326 3193 in
1341 3134 1464 3209 petriam

290 3251 460 3298 reversuros
474 3253 611 3297 unacum
624 3251 716 3297 uxore
730 3252 792 3311 suu,
808 3251 873 3309 quse
881 3236 1010 3297 Bobernm
1025 3244 1069 3298 est
1083 3254 1119 3297 ex
1131 3238 1220 3311 stirpe
1233 3238 1412 3301 dominorum
1427 3241 1463 3301 de
1514 3280 1517 3285 -

290 3345 397 3405 Dhonu
420 3344 603 3405 Rudelstadii
630 3361 683 3406 nos
709 3344 826 3404 insisiit
871 3343 1020 3403 Venerunt
1045 3347 1075 3402 et
1100 3341 1255 3401 consiliarii
1284 3344 1398 3417 quidem
1426 3344 1463 3405 de

290 3449 442 3512 Arnstadt.

380 3556 427 3630 xvj
437 3554 509 3615 Julii
522 3556 636 3615 circiter
649 3560 760 3616 sertum
774 3554 1030 3617 antemeridianam
1044 3569 1138 3615 comes
1146 3550 1344 3629 Wolliqengns
1354 3554 1462 3616 Salsul-

289 3663 369 3723 dium
382 3662 548 3721 revertitur.
581 3660 693 3722 Eadem
708 3676 773 3721 cum
787 3661 915 3738 Caspare
930 3665 1058 3721 sorctore
1073 3664 1268 3735 computatum
1282 3664 1334 3721 est.
1372 3661 1463 3721 lussi-

288 3784 354 3827 mus
368 3767 508 3827 loannem
518 3765 686 3827 Galacteum
695 3766 902 3843 christophoro
911 3765 1000 3826 Zihsr
1013 3765 1141 3827 theletos
1156 3765 1254 3827 decem
1268 3752 1302 3827 in'
1313 3768 1463 3841 propinem

289 3873 409 3935 unios
424 3871 505 3932 dore.

380 3977 492 4038 Eadem
508 3979 615 4053 scripta
628 3984 659 4039 et
671 3976 816 4041 retificuta
837 3984 884 4039 est
903 3976 1061 4037 manmctio
1077 3977 1267 4054 detergentes
1288 3980 1464 4057 supellectile

289 4100 357 4145 cum
372 4083 489 4143 domino
507 4099 600 4144 socru.

380 4187 642 4265 EstWolffgangus
654 4193 684 4249 et
693 4206 767 4251 uxor
775 4190 837 4263 ejus
851 4205 905 4263 pur
918 4189 1080 4266 conjugum,
1096 4189 1229 4265 aquibus
1238 4192 1340 4251 merito
1354 4207 1462 4267 omnes,

289 4297 341 4370 qni
361 4296 537 4356 memimonii
555 4296 679 4370 capistro
702 4290 798 4371 cupita
816 4292 972 4370 dederunt,
993 4301 1138 4357 sumerent
1157 4296 1326 4370 exemplum.
1364 4296 1462 4357 Annos

288 4402 407 4462 circiter
421 4400 616 4477 quadraginta
629 4402 787 4462 concordes
800 4416 859 4460 uno
872 4402 1015 4463 vixerunt.
1043 4402 1110 4477 Ipse
1124 4418 1243 4461 uxorem
1253 4402 1327 4475 jocis
1342 4401 1420 4463 louet
1434 4410 1463 4465 et

287 4507 413 4567 honesto
431 4522 531 4567 amore
549 4508 746 4582 prosequitur,
761 4507 812 4567 illa
831 4512 949 4581 eum'ut
968 4507 1102 4567 meritum
1120 4511 1275 4568 veneratur
1294 4512 1325 4567 et
1344 4510 1463 4584 itacius

288 4628 392 4673 curam
405 4613 489 4687 gerit,
504 4611 662 4687 utiomula,
677 4628 737 4672 nou
747 4629 822 4674 uxor
834 4613 977 4676 videatur.
1000 4612 1116 4673 Nullum
1126 4613 1290 4673 concionem
1303 4614 1461 4691 negligunt,

290 4724 322 4778 et
336 4717 417 4777 nulla
430 4715 492 4777 (lies
506 4717 581 4793 abit,
598 4717 668 4791 quin
682 4714 786 4778 divinis
800 4718 920 4795 agendis
934 4717 1077 4779 intersint.

380 4821 512 4885 Vidimus
529 4823 615 4901 iuxta
632 4839 737 4905 pagum
755 4822 908 4888 Eicbleldt·
919 4840 957 4889 es
974 4823 1281 4901 mompsuesteno,
1304 4822 1376 4891 flatu
1394 4844 1462 4893 ven·
