3700 5692
963 738 1027 809 lle

406 924 479 989 verti
494 936 570 1003 sunt,
587 944 621 987 eo
636 921 782 1001 dignitatis
797 921 882 985 modo
897 929 997 999 evecti,
1014 930 1047 985 ut
1062 926 1144 1001 alter,
1161 928 1296 985 nimirum
1312 924 1469 1005 Philippus,
1484 946 1563 991 ceso·⁴

405 1032 742 1107 risriceoancellnrium,
765 1030 854 1105 alter,
878 1029 1114 1104 christophorus,
1138 1032 1217 1090 urhis
1238 1033 1415 1107 Augustanus
1437 1036 1565 1094 cancellu-

406 1141 479 1198 rium
494 1144 572 1217 egat.
614 1154 619 1157 ·
659 1194 669 1208 ,
1328 1124 1329 1129 ¹

493 1244 585 1317 Aiunt
598 1241 826 1313 Atrebatemem,
842 1241 974 1300 doctores
990 1248 1019 1299 et
1033 1242 1159 1315 Viglium
1174 1250 1287 1300 omnem¹
1301 1236 1426 1301 movisse
1438 1241 1563 1317 lapidem,-

404 1365 503 1408 rerum
518 1363 654 1433 coeserem
669 1346 791 1405 emolliri
805 1364 865 1405 uon
879 1362 980 1419 posse,
1004 1352 1037 1405 ut
1055 1362 1164 1406 summo
1186 1344 1268 1404 nohis
1283 1348 1418 1420 impositu
1431 1350 1565 1405 retinuere⁸

404 1459 461 1514 tur.
486 1452 541 1534 Ast
555 1453 618 1510 lraec
632 1452 728 1523 superi
743 1456 859 1523 norunt,
877 1468 937 1509 uon
951 1428 1056 1509 novum
1071 1456 1115 1509 est
1130 1452 1229 1509 aulicis
1244 1448 1352 1508 funium
1367 1452 1498 1511 vendere.

494 1557 634 1615 Dominus
650 1555 685 1614 de
700 1554 797 1614 Blauo
812 1555 921 1614 dicitur
935 1556 973 1615 od
988 1556 1145 1616 cust-odium
1160 1555 1334 1614 Marschelci
1350 1556 1385 1615 de
1401 1556 1566 1629 Sohomberg'

403 1661 559 1720 translatus
579 1677 655 1735 esse,
688 1660 764 1732 quod
791 1662 963 1719 remissioris
990 1661 1131 1735 quoddam
1158 1662 1245 1720 enimi
1280 1662 1439 1719 caesareani
1465 1662 1565 1735 signnm

404 1783 468 1824 esse
483 1765 596 1824 dicitur.
641 1764 749 1822 Eadem
775 1764 862 1825 duces
881 1765 938 1824 duo
960 1766 1105 1839 peditatus
1126 1766 1238 1825 militiei
1256 1764 1312 1823 huc
1332 1767 1440 1840 captivi
1459 1767 1566 1826 adducti

404 1876 482 1931 sunt.

493 1975 591 2035 Caeser
604 1975 769 2034 valetudine
784 1972 903 2033 affectus
918 1974 1075 2036 dicebatur.

492 2080 694 2140 Ferdinandns
716 2084 823 2153 praeter
843 2085 967 2152 quotuor
986 2082 1093 2141 centies
1118 2080 1208 2140 millio
1227 2076 1285 2139 slis
1306 2079 1430 2138 centens
1447 2078 1566 2137 millias

403 2187 525 2245 statibus
540 2186 653 2258 imperii
668 2186 698 2242 in
712 2190 847 2257 promptu
861 2186 917 2244 sihi
932 2186 1036 2260 deponi
1052 2187 1150 2259 exigit.
1525 2192 1528 2199 '

492 2291 601 2349 Eadem
616 2289 693 2348 Dido
717 2288 936 2361 sKniophusen
954 2290 1101 2350 nobiscum
1122 2306 1225 2364 egere,
1246 2294 1279 2346 ut
1302 2288 1424 2345 tutelam
1439 2290 1565 2362 cognato·

403 2412 467 2453 rum
482 2401 646 2477 nostrorum
661 2394 795 2452 comitum
810 2393 846 2451 de
860 2394 938 2467 Hojo
953 2396 1096 2467 suscipere
1111 2396 1262 2467 vellemus,
1287 2391 1461 2464 conabatur,
1476 2406 1566 2449 rerum

403 2517 467 2559 cum
490 2500 604 2559 audiret
623 2498 772 2557 consilium
791 2499 903 2557 comitis
923 2498 1069 2558 Wilhelmi
1089 2507 1119 2559 et
1139 2516 1203 2573 quae
1223 2516 1275 2558 nos
1290 2497 1473 2571 negotiorum
1486 2494 1566 2553 moles

404 2610 557 2688 premeret,
573 2604 690 2663 tandem
704 2604 748 2662 his
764 2602 934 2679 supersedit.

493 2708 571 2766 Note
586 2708 721 2780 quicquid
736 2709 868 2767 comitum
884 2726 902 2767 s
917 2708 1059 2767 Waldeok
1075 2709 1205 2781 querelas
1227 2709 1273 2767 rel
1293 2707 1447 2781 privilegio
1461 2719 1566 2766 concer-

404 2814 457 2886 nit,
473 2828 550 2870 nuno
564 2829 600 2871 ex
615 2811 739 2871 archivis
753 2790 875 2871 cemerae
889 2813 1004 2887 imperii
1020 2814 1190 2887 exquiritur.
1503 2822 1504 2829 ’

493 2916 603 2977 Eadem
618 2912 768 2976 Nicolsum
782 2919 876 2977 Meier
890 2918 1047 2977 irrisimus.

494 3021 663 3080 wilhelmus
679 3039 772 3081 comes
793 3039 811 3081 o
829 3022 1036 3096 Witgenstein,
1057 3022 1198 3081 Emestus
1218 3037 1311 3079 comes
1332 3037 1350 3079 a
1372 3020 1567 3091 Schsumherg,

404 3126 555 3201 Phihppus
570 3132 600 3185 et
613 3127 743 3186 Eubulus
765 3143 818 3186 neo
838 3144 894 3186 non
910 3126 987 3191 Dido
1008 3112 1246 3209 eKnieplreosen
1268 3126 1347 3200 opud
1360 3126 1492 3184 comitem
1506 3123 1569 3183 Wil-

336 3246 345 3257 ·
404 3232 528 3290 helmum
542 3231 581 3290 oh
594 3232 735 3290 Anexone
750 3233 848 3305 prensi
863 3235 940 3290 sunt.
1329 3236 1332 3243 '

494 3337 605 3409 Viglius
620 3337 698 3411 opud
714 3336 913 3395 Coloniensem
928 3352 1050 3409 pransus
1066 3340 1118 3396 est.

493 3442 603 3501 Eadem
619 3443 757 3501 electores
772 3455 908 3499 oaesarem
923 3440 1037 3515 adiere,
1061 3441 1172 3499 veniam
1187 3416 1306 3515 petituri
1322 3440 1438 3502 domum
1455 3434 1568 3500 obeundi

410 3552 440 3607 et
454 3548 492 3608 sd
507 3564 573 3606 suos
587 3547 743 3605 remeandi.
1169 3602 1176 3610 ,
1353 3550 1354 3555 ’

476 3653 543 3731 ¹viij
559 3651 640 3710 Junii
654 3649 843 3724 wolfgangus
865 3651 1014 3710 Masculus
1036 3666 1073 3710 ex
1092 3666 1156 3724 cop.
1176 3651 1215 3708 15
1230 3648 1352 3709 Joounis
1371 3650 1450 3709 hunc
1471 3654 1568 3709 textum

408 3755 487 3816 »Vos
502 3756 584 3814 amici
599 3756 654 3812 mei
670 3754 755 3829 estis,
776 3756 801 3812 si
820 3752 946 3814 feceritis
969 3771 1147 3829 quaecunque
1163 3771 1216 3829 ego
1230 3754 1367 3828 praecipio
1383 3755 1475 3815 vohis.
1511 3750 1569 3809 Non

406 3861 527 3936 posthoc
542 3876 593 3918 vos
608 3859 671 3917 dico
686 3874 798 3934 servos,
819 3861 888 3933 quio
909 3876 1008 3919 servus
1025 3860 1132 3932 nescit,
1157 3859 1226 3933 quid
1247 3858 1335 3920 faciat
1355 3858 1487 3918 dominus
1505 3857 1567 3928 ejus.

406 3966 466 4025 Vos
481 3968 577 4047 sutem
592 3964 652 4022 dixi
666 3966 788 4038 amicos,
811 3968 860 4038 qui
876 3966 987 4039 omnis,
1012 3982 1076 4039 quoe
1102 3946 1198 4025 oudini
1214 3980 1231 4045 u
1246 3969 1329 4037 putre
1343 3980 1418 4037 meo,
1443 3968 1510 4022 noto
1521 3957 1568 4017 leci

407 4068 520 4142 vohis«,
536 4068 691 4127 enerravit.
731 4069 812 4128 Dixit
829 4070 930 4143 itoque
944 4068 1088 4129 Christum
1101 4052 1258 4129 'dominum
1276 4068 1333 4127 duo
1354 4067 1418 4125 haeo
1434 4054 1569 4139 discipulis

407 4174 606 4249 proposuisse,
632 4173 740 4232 scilicet
762 4178 794 4232 ut
812 4174 979 4234 mandatum
999 4174 1035 4233 dc
1056 4174 1210 4235 dilectione
1235 4160 1423 4232 obseruarcnt
1446 4177 1476 4231 et
1495 4162 1568 4228 simul

407 4276 485 4351 quod
498 4294 531 4363 re
545 4278 733 4352 immanita
747 4278 900 4339 dilectione
914 4296 981 4339 suos
997 4278 1144 4354 diligeret,
1166 4280 1267 4352 utique
1285 4294 1340 4351 pro
1356 4269 1463 4350 quihus
1476 4272 1568 4335 dulcis-

407 4386 508 4443 simam
522 4385 610 4443 vitum
624 4400 732 4458 ponere
746 4389 865 4458 paratus
879 4384 926 4458 sit,
943 4382 1117 4443 ostenderet.
1135 4368 1257 4441 'Deinde
1272 4387 1305 4439 ut
1319 4382 1343 4439 si
1359 4397 1424 4439 eum
1439 4378 1567 4445 emerent,

407 4494 552 4573 precepta
572 4488 633 4560 eius
653 4492 819 4562 servarent,
846 4488 878 4545 in
892 4504 963 4546 vero
982 4486 1057 4545 enim
1072 4486 1197 4545 amicitis
1211 4485 1269 4544 duo
1282 4485 1345 4544 haec
1361 4486 1510 4545 convenire
1523 4480 1567 4539 de

407 4592 490 4664 here,
514 4593 636 4665 primum
650 4596 683 4649 ut
697 4593 736 4666 is,
752 4590 801 4664 qui
817 4594 908 4665 umet,
925 4592 1000 4665 ejus,
1018 4606 1101 4665 quem
1116 4595 1208 4662 emet,
1231 4588 1390 4663 proiectum
1405 4576 1522 4675 queret,
1543 4588 1568 4642 et

408 4698 438 4754 in
453 4695 583 4756 omnihus
599 4697 691 4755 eidem
704 4697 778 4755 bene
793 4697 874 4768 velit3
891 4696 1013 4754 ultorum
1024 4701 1057 4755 ut
1066 4697 1100 4769 is,
1118 4697 1168 4769 qui
1181 4688 1320 4769 diligitur,
1337 4696 1513 4755 adamantem
1526 4704 1567 4749 re·

409 4799 548 4859 demetet
569 4805 667 4886 mutus
687 4782 953 4873 mantonimerga
973 4800 1065 4873 ipsum
1080 4799 1197 4860 affectus
1221 4802 1267 4860 sit.
1304 4790 1389 4874 llum,
1404 4799 1504 4875 inquit,
1519 4795 1568 4852 ists
