3700 5692
953 718 1016 782 {20

398 909 544 966 Romanos
559 906 743 965 concionatus
759 909 811 961 111.
851 902 924 960 Heri
939 900 1013 959 enim
1029 916 1046 957 a
1062 898 1182 958 meridie
1197 896 1272 957 idem
1288 898 1450 971 argumenti
1465 902 1562 956 tracta

397 1012 457 1070 bat.
482 1012 566 1084 Legit
580 1014 675 1068 autem
690 1022 767 1066 1111
781 1008 918 1080 temporis
935 1006 970 1064 de
986 1022 1021 1064 eo
1035 1006 1110 1063 loeo:
1133 1002 1248 1063 Nemini
1263 1003 1415 1076 quicquam
1431 1001 1562 1076 debeatis,

397 1118 452 1176 nisi
467 1117 536 1188 boc,
560 1122 592 1174 ut
606 1116 727 1175 invicem
744 1130 794 1172 vos
811 1112 947 1187 diligatis.
987 1111 1061 1169 Nam
1078 1111 1126 1183 qni
1142 1109 1237 1183 diligit
1251 1108 1389 1183 alterum,
1409 1109 1504 1183 legem
1517 1110 1564 1167 im·

401 1224 499 1298 pleuit‚
515 1220 656 1295 siquidem
671 1221 737 1278 illa:
761 1219 827 1277 Non
843 1217 1032 1291 adulterabis,
1055 1232 1112 1274 111
1127 1215 1256 1289 occides,
1273 1230 1332 1274 non
1347 1213 1500 1288 furaberis,
1515 1230 1566 1273 non

400 1328 504 1388 falsum
517 1326 712 1385 testimouium
728 1324 823 1396 dices,
848 1338 905 1381 non
921 1321 1104 1395 concupisces
1120 1320 1187 1379 etsi
1203 1320 1280 1394 quod
1294 1319 1373 1379 aliud
1388 1325 1566 1394 preceptum,

400 1434 431 1491 in
444 1433 500 1493 boo
524 1448 655 1490 sermone
676 1430 838 1489 summatim
861 1426 1121 1501 comprehenditur.
1160 1426 1272 1501 Nempe
1296 1424 1397 1499 diliges
1412 1426 1567 1500 proximum

401 1544 480 1597 tuum
497 1538 570 1596 sicut
584 1542 614 1595 te
628 1538 730 1610 ipsum.
754 1533 878 1592 Dilectio
892 1532 1024 1621 proximo
1039 1532 1145 1591 malurn
1160 1548 1218 1591 non
1234 1536 1380 1607 operatur,
1397 1548 1568 1591 consumma-

402 1646 443 1703 tio
458 1646 556 1717 itaque
570 1643 643 1716 legis
659 1646 703 1700 est
719 1640 832 1700 dilectio
848 1643 903 1697 111.
927 1637 985 1695 Pro
1001 1637 1096 1696 studio
1107 1643 1203 1697 autem
1218 1638 1378 1697 inculcandi
1392 1654 1428 1696 aa
1443 1654 1508 1712 qua
1521 1656 1569 1712 per

404 1751 466 1809 dies
481 1750 591 1822 aliquot
611 1747 748 1806 docuerat
769 1760 804 1804 11
823 1741 913 1802 verba
936 1758 994 1801 non
1013 1742 1116 1817 attigit.
1156 1743 1213 1802 Sed
1227 1742 1342 1816 repetiit
1361 1744 1477 1817 singula
1490 1744 1570 1818 hujus

403 1855 515 1929 capitis,
533 1852 688 1912 admonens
703 1850 901 1924 magistratum
915 1863 1031 1906 rursum
1046 1848 1090 1905 sui
1105 1844 1192 1905 officii
1208 1851 1237 1906 et
1251 1846 1411 1907 dilectionis
1434 1849 1464 1907 in
1479 1846 1571 1907 subdi·

405 1966 460 2019 tos.
499 1958 570 2017 ltcm
591 1956 733 2029 subditos,
758 1959 791 2014 ut
805 1952 985 2029 magistratui
1004 1954 1035 2010 in
1053 1951 1199 2027 omnibus,
1221 1955 1329 2027 prater
1351 1952 1375 2011 si
1390 1952 1460 2026 quid
1475 1964 1572 2012 contra

403 2065 521 2124 uerbum
535 2061 591 2120 Dei
605 2064 754 2134 statueret,
770 2060 937 2121 obedientes
952 2075 984 2117 se
995 2060 1177 2132 prestarent,
1193 2058 1341 2129 tributum,
1357 2058 1492 2133 vectigal,
1508 2074 1571 2117 111·

403 2170 574 2229 tributiones
595 2167 719 2239 denique
741 2171 771 2225 et
785 2167 881 2226 omnia
896 2162 1034 2238 eiusmodi
1050 2180 1085 2223 ex
1100 2164 1241 2223 charitate
1256 2162 1387 2223 offerant.
1423 2163 1499 2224 Nam
1514 2160 1572 2223 oifi-

405 2276 479 2333 cium
494 2273 668 2332 defendendi
682 2272 773 2331 bonos
782 2272 819 2330 'et
829 2271 920 2330 malos
936 2268 1086 2329 coercendi
1101 2270 1162 2328 sine
1176 2271 1287 2343 magnis
1297 2268 1458 2343 sumptibus
1474 2271 1574 2343 exequi

405 2380 513 2453 nequit,
530 2379 571 2438 ait
585 2379 632 2437 bic
647 2377 835 2437 ecclesiastes.
874 2375 948 2435 item
962 2376 1180 2449 magistratuum
1194 2390 1332 2434 summam
1348 2380 1377 2433 et
1390 2376 1514 2448 primam
1529 2390 1573 2433 11-

405 2502 468 2543 ram
483 2500 546 2543 esse
561 2482 675 2556 debere,
691 2488 724 2541 ut
738 2481 859 2541 subditis
874 2480 910 2541 de
924 2479 1056 2540 fidelibus
1070 2481 1152 2539 verbi
1173 2480 1310 2539 ministris
1325 2480 1525 2553 provideatur,
1549 2487 1575 2539 ct

405 2590 527 2664 populus
542 2589 579 2648 ab
595 2588 702 2647 eisdem
716 2586 841 2647 fideliter
855 2588 885 2645 in
901 2602 971 2645 sana
987 2585 1118 2645 doctrina
1132 2586 1309 2643 instituatur.
1348 2586 1421 2643 Item
1436 2588 1470 2643 ut
1486 2586 1575 2644 cultus

407 2696 521 2754 1111111
538 2693 640 2767 quibus
655 2692 710 2752 ooli
724 2708 756 2751 se
769 2692 843 2752 uelle
857 2693 958 2751 unicus
972 2691 1022 2749 ille
1037 2690 1126 2765 Dens,
1143 2694 1249 2763 praeter
1262 2706 1347 2763 quem
1362 2706 1421 2749 non
1436 2696 1482 2750 est
1497 2691 1577 2763 alius,

408 2816 460 2874 per
475 2798 565 2857 filium
579 2814 662 2855 snum
677 2797 773 2856 docuit
783 2799 867 2871 juxta
891 2799 1041 2873 scriptura
1057 2798 1225 2872 prescripta
1239 2800 1406 2872 peragetur.
1444 2796 1523 2872 Non,
1540 2798 1579 2855 in-

409 2905 481 2978 quit,
497 2902 724 2961 ceremonialcm
740 2902 821 2961 illum
835 2902 1019 2976 papisticum,
1041 2902 1090 2975 qui
1104 2902 1218 2961 nonnisi
1233 2918 1286 2977 pro
1301 2900 1370 2959 ludo
1384 2902 1491 2975 puerili
1507 2920 1578 2978 pup

408 3024 511 3082 porum
531 3022 610 3067 more
629 3010 732 3081 puppis
755 3007 912 3066 ludentium
937 3004 1141 3066 existimandus
1164 3010 1216 3065 est.
1254 2990 1445 3079 Magistratus
1468 3024 1581 3082 quoque

410 3128 528 3187 operam
543 3112 605 3185 det,
627 3117 660 3171 11
682 3118 711 3171 11
730 3114 792 3185 ipse
813 3113 963 3185 scripturae
979 3128 1001 3171 s.
1019 3130 1076 3172 non
1100 3113 1175 3171 omni
1192 3128 1227 3171 ex
1242 3116 1325 3185 parta
1339 3112 1459 3185 ignarus
1475 3115 1524 3187 sit,
1547 3131 1582 3173 11

410 3235 523 3292 semper
545 3218 582 3283 ab
604 3234 656 3276 ore
677 3217 907 3290 detorquentium
929 3217 1084 3292 scripturas
1100 3224 1129 3277 11
1143 3217 1236 3277 alieno
1258 3217 1377 3277 cerebro
1391 3220 1524 3292 pendere
1539 3236 1583 3279 11

410 3330 523 3399 gantur.
561 3323 716 3383 Addueens
732 3324 768 3382 de
780 3323 836 3382 boo
849 3328 1024 3398 praeeeptnm
1043 3321 1215 3397 legislatoris
1229 3322 1345 3381 Moseos
1362 3337 1398 3381 ex
1413 3322 1504 3385 Dent.
1522 3342 1582 3399 cap.

416 3435 465 3489 17.
488 3432 560 3489 Haec
573 3434 669 3489 antem
684 3427 745 3487 iere
759 3435 826 3487 suut
840 3430 938 3489 uerba.
963 3428 1033 3487 Cum
1048 3428 1155 3487 sederit
1169 3429 1199 3486 in
1219 3428 1291 3485 solio
1304 3428 1388 3501 regni
1404 3430 1458 3503 sui,
1475 3432 1584 3491 deseri-

410 3537 462 3595 1111
475 3536 530 3594 sibi
545 3536 692 3609 exemplar
705 3534 791 3608 hujus
806 3533 878 3606 legis
892 3534 922 3591 in
937 3533 1115 3593 libroeuram
1128 3532 1325 3591 sacerdotibus
1336 3533 1443 3592 levitici
1459 3538 1585 3610 generis,

412 3641 524 3713 1111111
538 3640 609 3698 illud
623 3655 712 3714 penes
728 3656 803 3711 eum,
819 3642 852 3696 ut
865 3640 943 3713 legat
957 3640 988 3698 in
1004 3655 1037 3698 11
1054 3640 1162 3697 cunetis
1177 3637 1276 3697 diebus
1296 3639 1362 3695 uitae
1384 3656 1461 3715 snae,
1483 3646 1518 3699 11
1534 3642 1585 3699 sci-

410 3746 478 3804 licet
493 3745 586 3804 discat
608 3746 708 3803 1111111
734 3744 879 3803 dominum
893 3743 987 3803 Deum
1008 3756 1090 3802 suum
1110 3748 1139 3801 et
1160 3758 1276 3801 seruare
1297 3745 1393 3801 omnia
1408 3747 1501 3806 uerba
1517 3747 1587 3820 legis

411 3850 497 3924 hujus
513 3866 547 3908 ac
561 3855 672 3909 statuta
684 3851 750 3924 ista,
766 3856 799 3908 11
813 3847 900 3908 iaciat
915 3866 959 3922 ea,
978 3855 1006 3909 et
1021 3866 1057 3908 ue
1073 3847 1191 3907 extollat
1211 3863 1261 3906 cor
1276 3865 1358 3907 suum
1373 3866 1465 3924 supra
1480 3849 1587 3911 matres

412 3972 493 4027 snos,
520 3969 613 4027 neque
632 3954 750 4013 recedat
770 3960 947 4029 upraecepto
968 3972 1021 4015 uec
1040 3955 1078 4013 ad
1093 3953 1238 4012 dexteram
1254 3969 1307 4012 111
1321 3954 1358 4014 ad
1372 3955 1535 4030 sinistram,
1558 3959 1589 4013 nt

412 4065 550 4133 proroget
570 4058 631 4117 dies
650 4060 681 4117 in
699 4076 788 4133 regno
811 4076 863 4118 111
886 4062 948 4142 ipse
972 4066 1001 4119 et
1019 4058 1071 4118 filii
1095 4059 1156 4131 ejus
1179 4059 1209 4116 in
1232 4058 1326 4118 medio
1345 4059 1474 4119 Israelis.
1517 4063 1590 4120 Item

412 4164 570 4237 exemplum
585 4163 674 4223 Josia
688 4165 779 4237 regis,
806 4166 855 4238 qni
874 4170 991 4240 reperto
1015 4164 1090 4224 libre
1112 4166 1184 4239 legis
1199 4164 1305 4223 uultum
1319 4162 1376 4223 Dei
1390 4163 1591 4239 redintegrari

411 4274 590 4344 praeeperat
604 4274 658 4328 etc.

500 4373 676 4433 Aconeione
698 4375 765 4433 dnm
784 4375 929 4448 loannes,
951 4375 1100 4450 Philippus
1120 4380 1150 4434 et
1169 4374 1284 4434 Samuel
1304 4374 1421 4433 comites
1446 4373 1548 4434 adbuc
1562 4373 1591 4430 11

413 4478 580 4537 deducenda
595 4480 710 4539 domina
725 4482 854 4554 principe
868 4481 1017 4554 abessent,
1038 4480 1168 4539 Eubulus
1185 4483 1213 4538 et
1227 4477 1415 4538 wandelinus
1430 4480 1590 4538 comitante

413 4598 463 4640 eos
478 4581 582 4643 Oarolo
597 4601 615 4642 a
630 4585 787 4660 Stookeim,
808 4591 926 4660 satrapa
940 4587 971 4644 in
985 4586 1136 4659 Weilburg
1155 4592 1184 4643 et
1198 4584 1340 4658 Usiugen,
1351 4584 1590 4654 *atrebatensem

414 4686 525 4759 adiere,
550 4688 599 4760 qui
619 4690 680 4747 viso
695 4690 810 4749 Eubulo
833 4691 936 4765 gallico
962 4706 1042 4749 more
1062 4690 1230 4749 exclamavit
1251 4690 1322 4749 Mon
1341 4690 1478 4763 seigneur
1503 4691 1589 4748 11111

414 4795 479 4863 eta,
494 4790 617 4851 innuens
638 4810 670 4851 se
688 4796 814 4855 erastino
833 4798 948 4856 circiter
969 4800 1098 4856 octavam
1118 4811 1202 4869 posse
1222 4795 1365 4856 arbitrare
1379 4794 1588 4855 resolutionem
