3700 5692
287 648 292 657 ’
416 682 459 743 90
915 675 1066 731 surana

503 838 530 904 si
552 836 667 904 faciem
690 840 723 901 et
744 839 833 901 certa
856 836 1017 918 dispostas
1040 835 1112 917 lege
1135 854 1293 920 capronas

463 972 466 977 ·
503 943 646 1027 aspiciat,
670 941 784 1007 merito
807 941 922 1007 clamet
945 941 1111 1009 Melicerta
1133 943 1256 1026 perisse

502 1048 641 1115 frontem
666 1047 706 1112 de
729 1044 842 1111 rebus:
865 1046 1015 1129 quoniam
1040 1045 1129 1113 frons
1153 1047 1242 1113 nulla
1264 1050 1374 1117 relicta
1397 1054 1449 1117 est

436 1175 489 1226 410
501 1142 558 1221 ant
580 1154 668 1222 cerni
691 1151 814 1232 metuit,
836 1151 925 1217 laeso
947 1151 1100 1234 perfricta
1121 1155 1254 1236 pudore.

503 1259 596 1341 Quid,
620 1259 706 1323 dicat
727 1256 890 1336 Proculus,
914 1258 942 1322 si
965 1258 1004 1324 de
1027 1257 1175 1325 ciniflone
1190 1279 1355 1327 reversum

503 1386 523 1432 a
545 1372 633 1449 tergo
656 1364 764 1428 uideat
785 1362 903 1428 Rufum
928 1365 977 1429 vel
999 1383 1083 1446 pone
1106 1366 1284 1449 sequatur?

505 1472 662 1539 Ornatam
684 1469 770 1534 iuret
792 1487 851 1550 per
874 1468 997 1536 Graeca
1019 1470 1141 1552 palatia
1163 1472 1312 1556 Phrynen

504 1576 656 1641 allectare
678 1575 763 1639 uirus
787 1578 845 1638 aut
865 1574 991 1655 priscae
1014 1575 1056 1640 ad
1078 1577 1206 1642 moenia
1228 1576 1341 1643 Troiae
1370 1656 1374 1661 p

438 1700 489 1753 415
502 1682 624 1765 peltato
647 1680 777 1763 prodire
800 1698 840 1744 ex
863 1679 992 1760 agmine
1014 1680 1268 1747 Penthesileam:

504 1788 550 1853 sic
572 1784 643 1850 fluit
666 1785 708 1850 ad
730 1785 879 1866 scapulas
901 1783 987 1851 ierro
1012 1786 1152 1867 crispata
1175 1786 1300 1852 calente

503 1892 650 1958 mollities
673 1891 756 1971 cirri,
780 1895 843 1955 tam
868 1891 960 1957 docto
983 1892 1110 1973 pectine
1134 1890 1237 1972 fulget

502 1999 536 2063 in
560 2002 688 2063 centnm
712 2014 802 2061 coma
824 1993 928 2062 fracta
950 1996 1070 2077 gratim
1093 1998 1279 2081 intextuque
1301 2003 1412 2080 portat

464 2192 466 2194 ι
504 2102 647 2188 symbola
670 2102 787 2167 secreti
811 2101 943 2167 nimium
964 2102 1107 2184 pretiosa
1128 2100 1257 2168 favoris.

439 2228 491 2280 420
503 2211 545 2274 At
567 2227 608 2273 ne
630 2206 698 2273 lars
721 2225 834 2273 errans
857 2208 1026 2291 quisquam
1050 2208 1150 2290 plana
1173 2208 1279 2274 omnia
1301 2208 1412 2273 credat

502 2312 590 2379 inira
612 2314 825 2382 ventriculum
847 2318 1041 2399 tenuemque
1065 2316 1262 2383 abscondere
1285 2315 1409 2394 rimam,

504 2417 674 2485 discrimen
698 2436 795 2484 serus
818 2418 858 2484 de
881 2418 995 2501 podice
1016 2418 1153 2485 fluctuat
1175 2420 1261 2485 ensis

504 2523 694 2606 coccinaqne
715 2524 854 2606 impellit
876 2525 1043 2591 scabiosae
1067 2526 1207 2607 tegmina
1230 2526 1341 2606 clunis,

505 2633 538 2694 et
558 2629 653 2694 lateri
676 2630 837 2712 quondam
861 2635 973 2695 snetns
995 2631 1138 2712 pendere
1161 2631 1301 2711 sinistro,

438 2753 490 2806 425
505 2753 565 2800 nec
586 2735 722 2816 pavidus
744 2733 853 2801 fusum
875 2736 935 2802 snb
958 2736 1065 2801 Marte
1087 2735 1217 2802 haurire
1242 2754 1398 2816 cruorem,
1436 2748 1441 2757 ·

502 2841 587 2907 idem
610 2859 697 2908 nunc
719 2841 796 2908 olidi
818 2841 954 2924 pulsans
977 2841 1136 2923 spiracula
1159 2839 1253 2920 follis,

503 2944 612 3010 haurit
633 2948 756 3028 postico
780 2946 956 3031 fugientem
981 2964 998 3013 e
1022 2964 1150 3013 carcere
1173 2946 1322 3012 Oanrnm.

504 3050 658 3117 Ambulat
679 3058 814 3118 ansatus
836 3071 896 3134 per
918 3053 1056 3141 compita
1078 3071 1200 3136 perque
1222 3052 1347 3134 plateas

503 3155 681 3239 Penelopes
705 3176 859 3241 sponsum:
883 3157 1021 3224 volucris
1045 3158 1219 3240 consistere
1242 3156 1345 3222 nescit

439 3279 492 3331 430
502 3261 612 3344 pluma
635 3261 704 3329 loco
727 3269 760 3328 ct
781 3262 891 3345 pluma
912 3263 1015 3328 levius
1038 3268 1143 3345 capnt.
1189 3262 1271 3330 Ecce
1294 3280 1436 3328 sororem

506 3366 605 3433 mittit
625 3369 659 3433 in
682 3388 847 3436 occursum
871 3367 927 3433 lun
949 3386 1114 3450 prospera,
1139 3367 1224 3433 mille
1248 3366 1389 3432 salutum

504 3474 619 3538 nuntia
641 3474 787 3541 sublatus
811 3474 914 3540 undat
937 3473 1121 3541 calamistro
1143 3472 1273 3553 galerus

504 3580 637 3659 eminus,
661 3580 778 3648 inflexo
802 3583 975 3648 sinuantur
999 3579 1129 3645 brachia
1152 3579 1271 3660 gibbo-

503 3686 608 3751 iudice
630 3684 807 3768 fulgentem
830 3686 931 3753 labris
954 3685 1102 3751 sistentia
1124 3702 1291 3765 gemmam.

438 3809 489 3864 aaa
502 3792 616 3873 Longa
638 3794 857 3874 pavimentum
880 3799 958 3859 tuno
980 3791 1065 3857 radit
1085 3791 1179 3869 linea,
1208 3788 1319 3855 crebro

502 3896 644 3977 prolixos
667 3895 790 3963 iaciens
811 3896 924 3978 planta
947 3896 1140 3978 strepitante
1164 3894 1324 3959 decussea
1461 3982 1464 3986 ι

503 4000 588 4080 Quot
611 4000 704 4067 melle
731 4020 769 4068 ac
791 4001 877 4067 dulci
901 4001 1029 4067 condita
1051 4017 1214 4087 papavere
1236 4000 1337 4066 verba

502 4124 558 4171 ore
579 4105 700 4207 flounnt:
725 4108 829 4186 tuliae,
853 4113 928 4173 tuus
952 4127 969 4172 ο
994 4105 1131 4172 Galatea
1153 4104 1309 4182 minister,

504 4212 627 4276 servitii
649 4218 827 4294 promptus,
850 4230 908 4276 seu
932 4210 984 4277 Sol
1009 4228 1067 4276 seu
1091 4209 1205 4276 Sidera
1226 4211 1371 4290 poscant,

439 4334 491 4385 440
502 4317 535 4382 in
558 4317 643 4382 mala
667 4324 723 4383 aut
743 4318 883 4400 scapulis
907 4316 1078 4382 tremulum
1102 4315 1207 4393 micat,
1231 4312 1307 4379 alite
1330 4312 1446 4393 palma,

504 4421 601 4503 inque
626 4423 724 4489 vicem
747 4423 877 4506 palpat3
901 4422 996 4487 toties
1020 4425 1172 4487 curvatur
1193 4420 1227 4485 in
1251 4437 1371 4496 arcum,

503 4527 607 4607 qualis
632 4528 722 4593 Atlas
747 4534 841 4594 nutat
862 4546 998 4610 magnae
1022 4528 1081 4594 snb
1104 4524 1248 4608 pondere
1272 4524 1364 4590 molis

505 4634 561 4693 aut
583 4631 676 4695 Luna
698 4634 839 4698 ostendit
860 4631 995 4699 redivivi
1019 4649 1142 4698 cornua
1163 4629 1283 4697 vultus.

551 4733 578 4797 0
602 4751 703 4799 ranas
726 4737 889 4803 hominum
913 4735 1023 4803 curasl
1069 4738 1095 4803 0
1120 4737 1227 4803 tristia
1250 4732 1351 4802 nealal
