3700 5692
884 669 929 736 49

406 852 481 912 Heri
503 852 620 914 domina
641 853 775 928 princeps
797 852 875 926 opud
893 851 1123 928 Ferdiuandum,
1146 853 1232 916 hodie
1252 855 1331 930 apud
1352 854 1495 918 Gaesarem

314 972 434 1028 oausam
450 960 512 1032 agit
526 936 616 1019 suam.
1110 943 1112 950 ’

406 1065 538 1124 Vidimus
553 1065 632 1139 apud
646 1063 768 1124 eundem
784 1063 936 1126 Ottbonem
955 1063 1130 1124 aurifabrum
1145 1065 1291 1126 thoracem
1306 1046 1494 1128 holosericam

315 1174 381 1229 arte
395 1171 521 1245 phrygia
535 1170 679 1244 depictum
699 1186 761 1228 cum
777 1186 814 1230 ex
831 1186 902 1228 auro
920 1188 995 1245 puro
1015 1175 1085 1244 puto
1100 1173 1179 1232 varie
1198 1173 1362 1234 decolorato
1378 1178 1495 1232 eatenu-

313 1277 411 1335 larum
425 1277 540 1335 annulis
555 1276 714 1349 obductam,
731 1291 796 1348 quae
811 1275 904 1335 tribus
918 1276 1043 1336 millibus
1056 1274 1229 1338 florenorum
1244 1280 1342 1338 veniit.
1366 1279 1395 1337 Is
1406 1278 1493 1338 Ottho

315 1383 395 1460 quod
409 1399 426 1441 e
441 1381 561 1445 Colonia
575 1380 736 1456 Agrippina
756 1380 895 1444 oriundus
916 1387 1004 1456 esset,
1028 1383 1219 1450 nobisauimo
1238 1386 1409 1460 propensior
1430 1383 1494 1444 eret

315 1494 346 1548 et
360 1487 490 1561 quotidie
504 1486 567 1546 iere
581 1503 633 1548 nos
649 1486 786 1546 cerevisia
799 1486 960 1546 honoravit.
983 1487 1023 1546 Et
1037 1495 1104 1562 post
1115 1491 1271 1550 discessum
1286 1497 1416 1550 nostrum
1430 1492 1491 1550 vita

316 1595 450 1653 excessit
478 1593 569 1665 Quem
584 1592 674 1669 (laxit
686 1590 783 1667 Dens)
799 1599 832 1652 ut
846 1609 910 1651 cum
924 1593 1055 1654 omnibus
1071 1597 1177 1654 sanetis
1192 1596 1362 1658 adveniente
1379 1598 1493 1659 domino

314 1700 388 1758 Jesu
403 1697 518 1758 Christo
533 1714 586 1757 nos
600 1699 704 1757 iterum
718 1698 818 1757 videre
832 1699 988 1786 valeamus.
1117 1755 1130 1764 ,,

405 1804 517 1864 Eadem
536 1801 626 1864 frater
640 1804 791 1878 Philippus
811 1811 841 1864 et
856 1820 908 1879 ego
929 1807 959 1863 iu
980 1805 1063 1864 horto
1086 1809 1209 1866 consulis
1224 1808 1363 1868 Herbroti
1378 1806 1491 1868 fuimus.
1511 1859 1514 1865 i

314 1911 428 1977 Hortus
442 1912 565 1970 scamnis
578 1909 742 1985 herbaceis,
763 1909 891 1969 herbidis
905 1912 1011 1985 pratis,
1029 1911 1158 1972 daedaliis
1174 1913 1353 1989 ambulacris,
1373 1915 1492 1988 piscium

314 2016 449 2090 vivariis,
473 2017 556 2088 aquis
574 2017 646 2075 vivis
665 2033 702 2076 ex
720 2013 837 2074 flumine
851 2014 932 2089 Lyco
952 2015 1097 2090 deductis,
1122 2019 1342 2078 scatmientibus
1365 2018 1492 2083 lontibus

313 2122 446 2195 iuterim,
469 2128 547 2194 aqua
567 2121 675 2195 puteali
698 2137 813 2196 quoque
834 2121 938 2180 vinetis
957 2127 986 2180 et
1006 2121 1156 2181 arboribus
1179 2124 1325 2182 variorum
1346 2123 1491 2182 fructuum

314 2225 457 2300 superbit.
489 2227 590 2285 Insunt
604 2243 718 2300 quoque
732 2226 778 2286 his
792 2228 884 2286 hortis
902 2227 1079 2292 domunculae
1095 2229 1214 2304 aliquot,
1230 2245 1351 2302 querum
1366 2230 1490 2302 parietes

314 2348 457 2391 caesarum
478 2330 565 2392 iacies
586 2331 625 2392 ad
645 2334 742 2392 vivum
754 2317 891 2406 depictas
915 2332 1022 2392 habent
1045 2349 1079 2392 au
1101 2335 1238 2410 cujusque
1261 2340 1374 2406 totamm
1398 2334 1490 2394 literis

314 2438 480 2514 majusculis
494 2443 670 2496 annotatam.
709 2437 763 2496 Ast
784 2437 869 2498 modo
883 2454 943 2496 uon
958 2443 1041 2496 vacat
1060 2439 1147 2512 hujus¹
1164 2439 1242 2500 horti
1262 2439 1377 2498 delicias
1392 2438 1491 2513 depin-

313 2559 400 2617 gere,
418 2543 467 2616 qni
482 2544 581 2602 decem
595 2544 713 2602 millium
727 2540 901 2602 florenorum
916 2549 1030 2618 sumptu
1045 2545 1117 2604 bero
1132 2561 1183 2608 suo
1199 2545 1393 2621 applauditur.

404 2649 517 2708 Eadem
531 2648 667 2709 Liborius
682 2649 821 2722 languens
834 2651 908 2711 lecto
925 2649 1068 2710 decubuit.

398 2755 535 2815 -Vidimus
550 2759 618 2814 ante
633 2754 710 2812 aedes
724 2755 872 2827 cuiusdam
893 2756 962 2814 civis
976 2756 1009 2814 in
1023 2756 1164 2816 suburbiis
1179 2756 1318 2830 Augustae
1334 2755 1490 2830 habitantis

309 2877 397 2932 ¹arnna
412 2860 534 2921 (laseris
554 2877 618 2918 cunr
633 2861 688 2919 hoc
703 2861 882 2921 emblemate:
904 2861 1007 2920 Manet
1027 2863 1132 2922 virtute
1149 2864 1299 2936 quaesitmn
1314 2861 1409 2921 decus.

404 2966 570 3027 Hausonem
584 2967 750 3026 Knislerum
769 2972 938 3027 metatorem
957 2969 1103 3042 regiorum
1117 2968 1306 3044 hospitiorum
1326 2968 1364 3028 ad
1379 2981 1491 3028 coenam

314 3073 414 3134 vocari
424 3073 688 3146 iussimus,verum
703 3074 728 3149 is
743 3078 811 3132 aute
826 3071 886 3132 dies
902 3076 1011 3148 aliquot
1025 3076 1164 3134 Viennam
1177 3090 1311 3142 ¹reversus
1327 3079 1399 3132 erat.

405 3175 568 3251 Caesareapi
587 3178 747 3252 jurisperiti
772 3159 904 3237 ducatum
925 3179 1209 3254 Wirtenbergeusem
1232 3179 1349 3248 lendum
1374 3180 1488 3254 quidem

312 3284 427 3359 imperii
443 3300 506 3343 esse
520 3284 701 3357 permittunt,
724 3282 776 3342 sed
790 3300 824 3342 ea
838 3284 911 3357 lege,
927 3289 960 3342 ut
974 3287 999 3344 is
1014 3286 1133 3344 ducatus
1149 3301 1166 3343 a
1181 3284 1281 3345 domus
1296 3285 1420 3343 Austriae
1435 3284 1487 3343 du-

312 3390 394 3450 cibus
410 3388 712 3463 Wirteubergeusibus
732 3390 763 3446 in
784 3388 901 3449 lendum
923 3391 1087 3450 collocetur.
1109 3391 1155 3464 ,ld
1168 3406 1237 3450 vero
1251 3392 1317 3464 jure
1326 3407 1369 3448 au
1383 3389 1412 3447 vi
1428 3387 1488 3462 fiat,

312 3495 370 3570 ipsi
384 3494 512 3555 videant.
532 3483 612 3553 Nam
625 3494 892 3569 Wirtenbergenses
907 3497 992 3570 longe
1008 3497 1065 3556 alia
1080 3494 1203 3555 afferunt
1218 3497 1254 3555 dc
1268 3495 1323 3554 hoc
1339 3495 1454 3554 ducatu.

404 3599 605 3687 Eintlounect
622 3601 661 3681 ist
681 3599 733 3658 das
747 3597 957 3661 mamzeuenue
977 3601 1048 3661 theil
1068 3602 1128 3660 eins
1144 3602 1283 3676 guidem,
1307 3602 1349 3660 Ist
1371 3595 1418 3660 eiri
1433 3598 1488 3658 Ge-

313 3707 414 3781 vicht,
429 3707 553 3766 braucbt
565 3722 651 3765 mann
664 3723 699 3763 zu
716 3706 771 3765 deu
787 3706 968 3767 demauteun.

404 3812 531 3873 Joauues
555 3811 673 3871 Colman
701 3811 774 3870 sient
799 3818 829 3870 et
851 3819 935 3889 pater
959 3813 1020 3887 ejus
1047 3810 1142 3872 iuerat
1164 3812 1302 3888 Augustae
1324 3812 1355 3871 in
1379 3809 1487 3872 aedibus

313 3923 416 3978 nostro
434 3919 560 3992 hospitio
579 3916 721 3989 contiguis
740 3917 873 3976 habitans
893 3924 922 3978 et
937 3933 1069 3977 caesareae
1089 3919 1232 3992 panoplia
1247 3919 1384 3994 magister
1400 3919 1488 3975 estet

313 4040 461 4086 armorum
475 4023 566 4083 taber.
588 4022 682 4096 Hujm
698 4022 775 4080 aedes
785 4021 883 4080 caesar
897 4025 981 4082 anuis
996 4024 1099 4084 abhinc
1113 4024 1211 4084 decem
1226 4030 1255 4084 et
1270 4029 1344 4099 octo,
1357 4039 1395 4084 eo
1411 4021 1489 4097 quod

313 4147 345 4189 se
358 4130 391 4190 id
405 4127 548 4190 iacturum
562 4128 592 4186 in
606 4128 748 4207 Hispania
762 4127 828 4189 huic
849 4129 1034 4204 promiserat,
1058 4147 1121 4188 cum
1142 4132 1240 4206 paucis
1259 4131 1357 4190 invisit
1376 4134 1405 4189 et
1419 4142 1489 4186 uxo·

312 4253 375 4296 rem
391 4236 453 4310 eius
467 4240 571 4294 catena
586 4251 674 4294 aurea
689 4239 718 4291 et
731 4226 828 4293 fabros
843 4233 945 4306 viginti
959 4240 1010 4294 aut
1023 4237 1142 4310 triginta
1156 4235 1448 4314 thalerishonoravit.

402 4340 529 4401 Domine
548 4340 642 4414 Deus,
665 4355 754 4398 verax
773 4333 883 4411 absque
904 4341 1032 4400 vanitate
1050 4342 1145 4415 justus
1169 4347 1198 4400 et
1221 4345 1333 4414 rectus,
1359 4338 1409 4411 qui
1429 4337 1487 4396 tuis

314 4448 410 4524 edam,
433 4463 499 4522 quae
513 4453 638 4507 mentem
653 4450 682 4504 et
696 4460 819 4519 corpora
833 4461 932 4504 eorum
947 4452 1079 4507 recreant
1094 4445 1191 4523 (modo
1205 4444 1237 4506 id
1250 4460 1314 4503 cum
1328 4444 1487 4518 gratiarum

313 4554 428 4614 actione
442 4549 507 4628 dat)
526 4568 585 4620 uon
599 4531 722 4612 invides:
748 4549 785 4609 da
799 4555 832 4608 ut
846 4543 876 4608 in
891 4550 973 4614 donis
987 4553 1044 4611 tuis
1059 4556 1088 4610 te
1103 4566 1291 4625 agnoscamus
1306 4550 1389 4610 etita
1403 4559 1488 4609 vene·

314 4675 429 4734 remur,
453 4675 491 4718 ne
506 4663 653 4717 creaturas
674 4657 727 4715 tibi
743 4655 856 4716 domino
872 4658 997 4716 creatori
1020 4656 1205 4730 praeferamus
1228 4657 1326 4729 sieque
1346 4644 1392 4713 his
1405 4652 1488 4727 iuga·

315 4738 394 4826 cibus
409 4765 576 4825 muneribus
590 4761 733 4837 fruamur,
756 4778 792 4821 ue
806 4762 978 4822 immortalia
997 4763 1159 4822 amittamus
1179 4769 1208 4822 et
1221 4769 1250 4822 te
1269 4766 1381 4836 patrem
1401 4763 1485 4820 aeter·

359 4892 488 4937 wudu..
1255 4872 1275 4934 4
