3700 5692
832 756 897 823 las

277 938 409 1001 iussero
422 936 455 998 in
474 939 584 1015 templo
602 929 749 997 Minorem
771 937 799 997 d.
822 939 1006 1000 Leonardum
1026 941 1088 1001 loco
1109 941 1315 1003 matutinarum
1329 958 1450 1017 precum

278 1062 314 1105 ex
329 1060 394 1119 cap.
411 1046 431 1103 8
447 1044 570 1104 loannis
584 1043 647 1103 lraec
660 1042 764 1103 verba:
792 1044 876 1119 «Ego
892 1060 955 1105 snm
973 1046 1023 1105 lux
1038 1047 1151 1122 mundi,
1175 1047 1224 1121 qui
1238 1053 1335 1108 manet
1349 1050 1379 1107 in
1394 1067 1448 1125 me,

278 1164 338 1209 non
353 1148 483 1209 ambulat
496 1150 527 1207 in
546 1147 711 1223 tenebris,»
738 1166 792 1225 pro
814 1156 952 1225 suggestu
975 1154 1176 1227 explanantem
1197 1154 1314 1214 audivit.
1344 1155 1451 1217 Docuit

277 1250 389 1329 antem,
412 1255 545 1329 quisnam
559 1254 621 1313 haec
635 1254 686 1312 lux
700 1262 790 1330 esset,
812 1272 878 1329 qnae
893 1263 969 1317 esset
984 1260 1081 1333 unica,
1106 1274 1169 1331 quar
1189 1265 1265 1318 esset
1284 1260 1448 1321 illuminans

276 1376 392 1421 omnem
406 1360 550 1420 bominem
564 1361 725 1420 venientem
740 1362 771 1419 in
789 1362 866 1421 hunc
885 1362 1031 1423 mnndum.
1062 1363 1134 1424 Item
1156 1365 1298 1438 quomodo
1319 1366 1380 1425 haec
1399 1368 1449 1427 lux

277 1472 357 1528 esset
369 1466 623 1541 apprehendenda.
654 1467 727 1526 Item
742 1467 820 1541 quod
833 1469 916 1527 multi
940 1474 1020 1545 sunt,
1045 1471 1093 1543 qui
1112 1471 1166 1529 hac
1185 1472 1248 1531 luce
1268 1473 1399 1546 neglecta
1418 1473 1449 1531 in

275 1572 407 1631 tenebris
420 1572 563 1648 palpitare
578 1576 685 1631 amant
716 1573 789 1631 Item
804 1590 860 1646 quo
875 1581 946 1649 typo
963 1574 1093 1635 Christus
1109 1578 1254 1652 apostolos
1275 1578 1352 1653 apud
1370 1577 1446 1637 Mat-

276 1679 386 1739 theam
400 1693 464 1753 cop.
483 1678 500 1735 5
516 1677 609 1737 lucem
622 1678 723 1737 mundi
736 1678 854 1739 diceret.
884 1682 925 1739 Et
940 1686 1081 1755 quotquot
1095 1682 1257 1743 illuminant
1271 1690 1395 1743 mentem
1410 1684 1447 1745 ab

276 1784 364 1859 hujus
386 1784 457 1843 lucis
477 1782 566 1845 radiis
585 1783 682 1842 lumen
702 1784 852 1858 accipiant.
893 1788 966 1846 Item
987 1787 1064 1860 quod
1084 1788 1178 1847 nullus
1198 1806 1324 1862 unquam
1345 1792 1375 1849 in
1394 1790 1449 1849 hac

275 1887 341 1947 luce
356 1887 507 1949 ambulans
521 1908 540 1949 a
553 1889 682 1949 tenebris
697 1888 813 1964 inferni,
828 1892 929 1950 mundi
944 1896 974 1949 et
987 1894 1089 1952 mortis
1105 1893 1260 1967 depressus
1273 1897 1319 1955 sit.
1342 1896 1382 1955 Et
1397 1895 1446 1955 de-

276 1996 366 2069 nique
379 1994 474 2056 lacem
487 1996 565 2055 illam
579 2012 677 2055 veram
692 1996 838 2057 dominnm
852 2001 982 2056 nostrum
997 1997 1097 2057 Jesurn
1118 1998 1263 2059 Christum
1283 2002 1324 2058 ita
1344 2000 1447 2059 animis

276 2099 443 2161 mmmmm
456 2101 601 2161 inculcare
615 2101 733 2175 sategit,
748 2108 782 2161 ut
795 2101 887 2161 lucem
901 2103 980 2163 illam
995 2098 1118 2175 amaria
1133 2105 1335 2165 concionatore
1351 2106 1412 2179 ipso
1429 2122 1447 2163 a

276 2207 392 2268 senine
405 2204 518 2266 inficias
531 2208 576 2267 ire
590 2210 690 2283 possit

366 2311 490 2371 Domine
502 2312 586 2387 Jesu,
608 2312 743 2387 splendor
758 2319 789 2373 et
803 2315 897 2387 imago
916 2314 965 2373 dei
985 2314 1075 2387 patris
1094 2313 1230 2375 babitans
1251 2331 1314 2373 cum
1334 2316 1395 2389 ipso
1417 2320 1446 2373 et

276 2423 379 2477 sancta
393 2419 498 2492 spiritu
513 2418 543 2477 in
558 2418 731 2477 inaoeesibili
745 2419 823 2495 luce,
847 2421 896 2492 qui
911 2426 940 2479 te
954 2418 1078 2480 veridico
1094 2425 1144 2480 tuo
1165 2438 1215 2481 ore
1234 2422 1327 2479 lucem
1348 2420 1446 2479 mundi

276 2523 390 2599 dixisti,
414 2529 444 2584 te
463 2523 609 2583 humiliter
627 2524 779 2598 deprecor,
802 2531 835 2584 ut
855 2532 884 2584 et
902 2541 949 2583 mc
969 2526 1103 2583 miserum
1118 2527 1148 2585 in
1162 2528 1248 2586 variis
1264 2532 1445 2603 peccatorum

275 2630 405 2689 tenebris
419 2629 608 2705 palpitantem
622 2632 674 2688 tna
687 2630 738 2689 illa
751 2632 815 2689 luce
830 2630 982 2705 illumines,
1000 2647 1057 2705 quo
1072 2632 1102 2689 in
1117 2631 1217 2691 eadem
1231 2634 1372 2707 reliquam
1387 2634 1446 2693 cxi·

274 2751 361 2812 guam
375 2736 443 2793 vitoe
456 2750 528 2818 mee
542 2736 765 2809 portiunculam,
790 2753 826 2795 ne
841 2736 930 2810 pedes
953 2738 1038 2795 animi
1058 2738 1113 2796 mei
1132 2755 1258 2823 unquam
1277 2739 1314 2799 ad
1334 2744 1445 2813 petram

274 2838 405 2902 scandali
427 2838 586 2915 offendant,
614 2841 820 2917 ambulantem,
844 2844 975 2917 inquam,
1007 2844 1037 2901 in
1058 2841 1116 2905 fide
1137 2848 1172 2903 et·
1186 2843 1325 2905 charitate
1346 2845 1392 2905 dci
1412 2862 1447 2904 ac

273 2948 413 3021 proximi,
436 2952 469 3005 ut
483 2947 536 3007 tibi
551 2962 599 3022 ea,
623 2964 686 3021 quae
701 2946 755 3006 tibi
769 2948 867 3008 debita
881 2954 940 3021 est,
965 2948 1057 3023 gloria
1072 2949 1102 3007 in
1123 2966 1168 3008 me
1187 2954 1363 3024 asservetur,
1388 2965 1445 3022 quo

272 3052 409 3113 idoneum
423 3052 581 3113 membrum
595 3054 638 3112 tui
654 3054 783 3125 corporis
798 3055 910 3126 mystici
924 3052 1042 3113 effectus
1057 3059 1086 3113 te
1103 3071 1167 3114 oum
1185 3062 1270 3132 patre
1293 3063 1323 3116 et
1343 3072 1365 3115 s.
1386 3056 1443 3128 spi-

273 3158 333 3217 ritu
351 3157 469 3219 laudem
488 3164 518 3217 et
540 3154 678 3217 confitear
699 3159 855 3231 perpetim,
880 3159 929 3231 qui
948 3166 1087 3219 venturus
1110 3178 1141 3219 es
1160 3161 1290 3235 judicare
1313 3163 1393 3222 vivos
1417 3168 1446 3221 et

273 3269 405 3325 mortuos
419 3269 450 3322 et
463 3264 590 3323 seculum
604 3280 656 3337 per
671 3263 775 3336 ignem.

342 3376 347 3383 “
363 3369 501 3430 Liberius
514 3374 610 3431 autem
626 3370 695 3441 quia
708 3368 772 3429 heri
785 3373 853 3442 post
867 3383 977 3428 coenam
993 3367 1196 3443 Obernburger
1211 3369 1325 3429 adierat
1339 3385 1374 3427 ac
1395 3385 1441 3427 ca·
1483 3353 1485 3357 ¹

272 3475 368 3549 pitulo
381 3474 542 3536 litteram
557 3475 734 3533 remissionis
747 3475 841 3533 obiter
855 3474 981 3549 viderat,
1006 3491 1114 3533 summo
1129 3492 1212 3535 mane
1228 3474 1350 3534 eundem
1371 3475 1443 3531 invi·

271 3596 337 3639 sere
352 3578 396 3639 illi
410 3580 588 3640 commodum
602 3580 693 3639 risum
709 3586 766 3653 est,
790 3593 858 3639 num
878 3582 974 3654 capita
995 3581 1156 3639 litterarum
1176 3580 1261 3641 hodie
1282 3580 1445 3653 conscripta

271 3690 381 3745 essent.
412 3685 471 3745 Sed
484 3685 556 3745 nihil
570 3686 665 3746 adhuc
679 3682 811 3744 effectum
825 3691 898 3745 erat.

361 3791 493 3851 Eubulus
507 3808 576 3853 vero
596 3791 674 3851 ades
696 3789 723 3849 d.
745 3790 870 3850 Muscnli
889 3790 962 3862 petit
981 3786 1231 3871 ipsi-'valedicens
1256 3807 1394 3851 enarrans
1415 3795 1445 3848 et

272 3898 405 3972 audiens,
421 3899 551 3971 quisnam
567 3898 717 3969 utriusque
732 3896 818 3957 mado
833 3902 911 3955 esset
924 3913 1023 3955 rerum
1038 3902 1138 3955 status.
1164 3897 1322 3956 Didicimus
1338 3902 1443 3971 antem,

273 4002 419 4075 quomodo
441 4002 543 4063 doctor
569 4001 686 4076 quidam
712 4010 870 4061 exsenatu
891 4003 938 4062 vel
961 4008 1076 4061 senatus
1097 4003 1258 4077 Augustani
1281 4003 1445 4082 alconsiliis

271 4108 367 4182 ipsum
381 4105 494 4167 adierat
507 4108 595 4181 longa
609 4106 762 4166 uerborum
782 4106 903 4181 ambage
925 4112 954 4166 et
974 4108 1079 4169 multos
1099 4127 1151 4183 per
1170 4108 1333 4169 maeandros
1354 4108 1445 4167 consi-

271 4212 343 4271 linm
357 4212 421 4288 ejus
436 4227 524 4285 super
543 4213 658 4273 interim
678 4212 749 4272 illud
771 4217 918 4286 expetens.
953 4212 996 4280 At
1013 4212 1128 4272 tandem
1150 4214 1291 4285 narravit,
1314 4218 1444 4271 senatum

271 4332 332 4377 una
347 4322 378 4376 et
392 4317 525 4377 consules
540 4318 578 4377 ob
592 4317 676 4392 hnjas
691 4318 802 4391 negocii
817 4332 932 4376 cansam
948 4320 1049 4378 anxios
1065 4334 1127 4377 esse
1143 4318 1237 4375 animo
1253 4322 1282 4374 et
1296 4333 1354 4375 non
1375 4318 1445 4374 satis

270 4422 328 4483 sibi
341 4427 489 4496 constare,
511 4438 663 4496 quamnam
677 4423 709 4483 in
722 4426 835 4497 partem
849 4421 994 4481 inclinent.
1027 4424 1064 4483 Se
1079 4432 1148 4481 vero
1171 4421 1290 4498 (scilicet
1312 4422 1360 4495 qui
1382 4421 1445 4477 haec

269 4527 398 4602 difflui)
413 4529 501 4589 suinai
515 4530 559 4590 sui
574 4528 747 4587 sententiam
758 4527 844 4599 jussu
858 4534 975 4587 senatus
991 4529 1021 4587 in
1036 4529 1153 4586 brevem
1168 4526 1312 4599 quandam
1334 4529 1444 4586 consul·

268 4633 411 4712 tationem
433 4632 626 4707 contraxisse,
650 4647 715 4707 quoe
737 4633 794 4691 tria
816 4639 930 4695 tantum
952 4636 1047 4709 capita
1070 4633 1237 4692 contineret.
1269 4632 1445 4696 Amicissime

268 4738 362 4810 igitur
375 4737 537 4797 Masculom
551 4752 667 4811 rogare,
688 4741 721 4795 ut
736 4740 963 4811 compendiolum
977 4741 1031 4799 hoc
1050 4740 1200 4814 perlegere
1221 4754 1255 4797 ac
1274 4754 1355 4797 suum
1375 4752 1442 4796 con·

268 4842 368 4903 silium
385 4844 429 4903 illi
449 4843 599 4918 impertire
620 4842 797 4916 dignaretur.
838 4843 891 4904 (lui
911 4845 1060 4904 Masculus
1080 4844 1244 4919 respondit,
1268 4860 1299 4902 se
1322 4859 1356 4903 ac
1376 4859 1443 4903 snos

1166 4947 1233 5009 13*
