3700 5692
950 731 1019 819 ¹raa

404 912 523 981 iumenti
544 918 695 994 petituros.
741 916 864 989 Insuper
883 915 989 986 hospes
1011 928 1064 971 nos
1086 912 1202 971 interim
1226 911 1275 969 illo
1298 910 1390 985 magis
1413 878 1496 971 nomo
1516 904 1560 971 ulli

404 1026 527 1085 cramboe
541 1025 586 1084 bis
601 1023 703 1097 positae
720 1022 762 1097 (in
779 1037 836 1092 qua
849 1023 946 1077 tamen
965 1034 1043 1077 mors
1062 1033 1125 1076 esse
1145 1014 1261 1090 dicitur)
1284 1016 1416 1087 donarit,
1440 1032 1492 1075 nec
1511 1032 1561 1075 non

404 1137 435 1190 et
447 1129 546 1189 libello
562 1127 696 1201 Casperia
709 1125 858 1198 Huberiui,
874 1124 1067 1183 continentem
1082 1123 1266 1198 septuaginta
1281 1122 1353 1181 duas
1367 1120 1560 1192 conclusiones,

405 1234 507 1308 quibus
522 1238 622 1293 contra
637 1231 823 1291 interimistas
837 1235 978 1301 umanque
994 1223 1117 1301 speciem
1128 1226 1300 1287 sacramenti
1313 1226 1457 1301 probarit.
1479 1226 1560 1285 Ambo

403 1339 470 1399 libri
485 1338 522 1397 ab
535 1353 594 1395 uno
609 1335 767 1408 eodemque
781 1332 962 1407 typographo
969 1332 1107 1406 Auguste
1121 1333 1152 1392 in
1165 1334 1222 1391 hoc
1231 1346 1328 1391 mense
1337 1331 1427 1391 Jnuio
1441 1330 1561 1404 impressi

405 1447 498 1502 erant
528 1442 568 1500 Et
582 1458 617 1499 ne
632 1440 701 1513 quid
716 1440 856 1499 molestiae
871 1435 954 1495 nobis
974 1437 1101 1510 deesset,
1123 1437 1222 1497 eadem
1244 1452 1358 1509 quoque
1380 1436 1563 1496 Pederborme

405 1549 556 1622 episcopus
571 1547 702 1619 querelas
718 1561 784 1633 suas
799 1535 1060 1615 redintegraverat,
1085 1557 1156 1614 quas
1171 1541 1321 1601 concilium
1336 1541 1485 1615 imperiale
1504 1540 1564 1599 Phi*

404 1653 483 1725 lippo
498 1657 528 1710 et
540 1651 655 1709 Eubalo
670 1666 723 1723 per
737 1648 885 1707 ostiarium
900 1661 1022 1704 camere
1037 1646 1194 1721 imperialis
1209 1646 1378 1705 transmisit.

493 1756 551 1829 xxij
567 1756 647 1814 Junii
661 1754 808 1812 Masculus
823 1751 861 1810 ad
875 1768 898 1809 s.
908 1751 1077 1809 Mauritium
1092 1768 1129 1811 ex
1143 1768 1205 1824 cap.
1225 1750 1397 1809 tolosanis
1411 1748 1473 1807 haec
1487 1746 1564 1806 verba

405 1861 491 1935 legit:
519 1860 570 1918 «Si
584 1875 642 1918 non
656 1858 798 1917 venissem
813 1861 843 1915 et
856 1856 969 1915 locutus
983 1854 1100 1915 fuissem
1114 1856 1170 1930 ais,
1193 1860 1341 1930 peccatum
1354 1872 1415 1913 non
1428 1853 1563 1913 haberent.

404 1965 489 2024 Nunc
504 1963 600 2023 autem
615 1979 673 2021 non
687 1961 811 2036 halent,
834 1961 912 2034 qnod
927 1966 1087 2034 praetexant
1100 1966 1217 2034 peccato
1231 1976 1294 2020 suo.
1326 1960 1382 2032 Qui
1397 1974 1443 2017 rue
1458 1958 1524 2031 odit,
1543 1958 1563 2013 is

406 2076 436 2129 et
449 2075 561 2144 patrem
576 2086 670 2128 meum
685 2068 764 2127 odit»
778 2072 832 2125 etc.
855 2068 911 2125 llic
925 2064 1133 2139 precedentem
1148 2067 1318 2125 sententiam
1332 2066 1460 2139 repetiit,
1476 2063 1562 2122 dicens

405 2179 540 2248 oportere
560 2173 713 2246 diligenter
733 2177 888 2231 sementem
906 2171 954 2229 hic
975 2186 1011 2228 ex
1030 2171 1121 2243 paleis
1139 2172 1299 2231 ventilabro
1320 2175 1466 2229 excutere.
1496 2166 1562 2239 Quid

406 2278 518 2351 odium,
543 2277 611 2351 quid
626 2278 789 2350 persecutio
803 2276 842 2335 sit
857 2282 886 2336 et
900 2291 957 2348 quo
974 2274 1104 2333 Christus
1123 2277 1184 2335 haec
1205 2275 1262 2335 duo
1283 2276 1419 2350 degerat,
1443 2272 1563 2331 nimirum
1644 2340 1645 2355 χ

405 2384 436 2440 in
450 2383 652 2456 ignorantiam.
674 2380 838 2440 Videndum
853 2386 949 2439 autem
963 2380 1013 2451 ait,
1029 2396 1066 2437 ne
1075 2395 1383 2453 quempersequamur,
1399 2378 1456 2437 nisi
1472 2378 1516 2451 qni
1529 2374 1560 2433 ob

405 2488 517 2561 insigne
532 2486 649 2559 aliquod
662 2483 772 2544 facinus
786 2486 853 2544 odio
866 2484 969 2558 dignus
984 2482 1142 2541 censendus
1157 2485 1207 2556 sit,
1224 2489 1254 2543 et
1266 2483 1297 2542 id
1311 2500 1370 2543 non
1386 2484 1443 2543 nisi
1457 2482 1560 2554 mgnita
1644 2466 1645 2471 ¹

406 2610 501 2653 causa.
532 2590 572 2649 lc
587 2606 663 2648 nunc
676 2590 759 2648 multi
773 2595 855 2665 sunt,
877 2591 927 2662 qui
940 2588 1069 2647 haeretici
1089 2588 1249 2647 doctrinam
1267 2585 1371 2647 falsam
1395 2604 1458 2647 esse
1477 2586 1560 2645 clami-

404 2703 477 2770 tant,
494 2699 661 2753 cumtamen
669 2694 723 2766 ipsi
733 2710 797 2753 eam
808 2695 855 2752 vel
868 2694 964 2767 legere
979 2693 1025 2751 vel
1039 2693 1140 2752 audire
1154 2687 1255 2767 nolint,
1272 2694 1416 2766 quianon
1431 2694 1561 2751 noverunt

405 2818 451 2860 me
471 2814 565 2872 neque
586 2814 651 2855 eum
672 2800 722 2869 qni
743 2799 821 2855 misit
841 2815 887 2856 me
910 2804 965 2857 etc.
1002 2799 1058 2856 Hic
1079 2796 1209 2857 cmiatm
1230 2797 1348 2871 exponit
1367 2797 1560 2871 ignorantiam,

406 2906 475 2965 dicit
487 2902 604 2973 ludaeos
618 2919 677 2961 non
691 2903 803 2961 normae
818 2918 891 2962 enm.
922 2903 997 2962 Nam
1013 2903 1090 2977 quod
1102 2902 1274 2961 Nicodamus
1289 2903 1343 2959 ait:
1368 2902 1480 2961 Scimus
1495 2897 1562 2973 qnod

405 3008 502 3068 aDeo
518 3001 644 3080 exivisti,
664 3001 815 3082 magister,
835 3011 900 3065 erat
913 3000 1027 3080 quidem
1042 3002 1162 3079 adonius
1177 3008 1319 3080 scientiae,
1336 3023 1396 3067 nou
1411 3012 1505 3067 autem
1518 3004 1563 3063 sci·

408 3114 486 3186 ebat,
509 3112 586 3185 quod
600 3113 625 3169 is
640 3115 716 3169 esset
731 3109 862 3170 Christus
876 3111 925 3170 ille
940 3129 958 3171 a
972 3117 1056 3184 patre
1069 3112 1172 3170 missus
1186 3113 1216 3171 in
1231 3112 1298 3186 hoc,
1320 3117 1353 3171 ut
1367 3128 1423 3185 per
1438 3112 1565 3185 ipsamet

404 3218 437 3276 in
449 3218 504 3276 hoc
519 3232 577 3275 uno
592 3217 715 3275 salutem
730 3222 981 3290 consequerentur.
1013 3218 1162 3275 Praeterea
1176 3216 1313 3290 perpauci
1327 3216 1359 3275 in
1378 3217 1435 3282 hac
1456 3213 1564 3274 edentia

405 3322 563 3381 Nicodcmo
583 3321 689 3379 similes
708 3319 837 3393 fuerunt,
863 3323 953 3381 ceteri
973 3321 1058 3394 hujm
1084 3319 1190 3381 Christi
1214 3321 1329 3381 omnino
1352 3320 1493 3381 nationem
1515 3331 1563 3375 nou
1644 3354 1645 3377 n

405 3427 578 3487 habuerunt.
618 3427 674 3498 Qui
695 3443 764 3485 vero
784 3426 867 3485 initia
886 3427 973 3498 hujus
994 3425 1185 3485 Nicodemicae
1205 3426 1317 3485 noticiae
1339 3425 1516 3495 habuerunt,
1538 3419 1563 3475 hi
1644 3428 1645 3455 ⁴

406 3528 602 3615 proiecerunt,
626 3529 676 3588 alii
690 3546 747 3588 non
761 3532 839 3590 item.
869 3531 925 3589 Hic
940 3534 1036 3589 autem
1051 3532 1144 3589 oritur
1164 3531 1301 3604 quaestio,
1324 3546 1394 3588 num
1412 3525 1564 3603 ignorantia

406 3640 531 3694 excuset.
561 3635 616 3693 Est
630 3633 743 3707 quidem
758 3636 935 3711 ignorantia,
953 3651 1017 3708 qua
1033 3634 1243 3708 quodammodo
1259 3634 1429 3694 excusabilis
1445 3634 1562 3705 apparet,

406 3746 440 3801 nt
454 3740 562 3798 Paulus
578 3739 632 3797 ait:
656 3740 828 3813 Ignorantes
840 3738 912 3815 ieci,
929 3746 1047 3815 propter
1063 3740 1141 3813 quod
1156 3745 1185 3798 et
1199 3738 1426 3799 misericordiam
1441 3749 1562 3795 consecu-

406 3851 453 3903 tus
468 3861 540 3903 snm.
571 3844 693 3903 Planum
708 3849 753 3902 est
767 3845 856 3917 enim,
881 3844 958 3918 quod
973 3844 1081 3904 Paulus
1095 3844 1157 3905 zelo
1176 3844 1300 3918 quodam
1310 3844 1382 3901 'haec
1404 3838 1564 3902 commiserit
1644 3880 1645 3907 ,

408 3954 463 4007 ete.
493 3949 547 4006 Est
562 3953 658 4007 autem
675 3949 782 4023 duplex
796 3950 972 4023 ignorantia:
996 3966 1054 4009 una
1070 3964 1183 4022 eornm,
1205 3947 1243 4008 ad
1265 3965 1337 4022 quos
1357 3949 1440 4008 verbi
1459 3944 1562 4005 auditus

407 4068 465 4111 non
479 4053 609 4125 pervenit
623 4057 675 4109 aut
689 4052 793 4124 quibus
809 4054 880 4112 illud
894 4054 941 4112 vel
953 4054 1051 4127 legere
1071 4053 1117 4111 vel
1137 4054 1237 4113 audire
1257 4070 1315 4113 non
1333 4052 1518 4126 permittitur,
1539 4050 1563 4103 el

407 4156 546 4231 ejusmodi
567 4155 698 4214 homines
717 4158 815 4229 aliqua
835 4158 947 4217 radone
969 4157 1146 4217 excusabiles
1164 4159 1308 4218 videntur.
1338 4158 1395 4216 Hic
1415 4150 1561 4227 interiecit:

407 4259 467 4320 (lar
478 4276 548 4320 vero
564 4260 667 4319 nolunt
685 4260 783 4334 legere
802 4261 849 4320 vel
869 4264 971 4322 audire
991 4261 1116 4336 alioqui?
1140 4262 1254 4340 (taxans
1277 4278 1426 4335 caesarem,
1450 4259 1497 4333 qui
1516 4252 1563 4313 sibi

407 4365 521 4438 quidvis
535 4366 685 4439 praescribi
699 4384 718 4425 a
731 4364 885 4441 pontificiis
903 4367 993 4443 sinit).
1024 4368 1308 4442 Altera-ignorantia
1328 4373 1372 4427 est
1390 4382 1500 4438 eorum,
1521 4358 1562 4434 qui

406 4469 547 4530 suadente
561 4472 672 4531 malitia
686 4472 832 4531 Christum
846 4476 876 4531 et
889 4473 1010 4533 verbum
1024 4473 1085 4547 ejus
1100 4472 1201 4531 audire
1215 4480 1246 4533 et
1264 4474 1337 4533 scire
1356 4474 1469 4546 nolunt,
1492 4464 1562 4529 ethi

407 4576 536 4634 exomni
550 4580 634 4647 parte
649 4576 824 4637 damnabiles
839 4582 914 4635 sunt.
939 4577 1024 4648 Quod
1038 4582 1134 4637 autem
1148 4579 1311 4651 ignorantia
1320 4578 1436 4637 ludaeos
1450 4591 1505 4634 non
1519 4588 1560 4629 ex·

330 4705 335 4715 ·
407 4684 496 4750 cusat,
512 4678 621 4752 liquido
636 4696 672 4739 ex
686 4682 782 4740 rerbis
798 4680 905 4741 Christi
918 4686 1012 4756 patet:
1038 4683 1141 4743 Sinon
1160 4684 1301 4743 venissem
1320 4689 1350 4743 at
1368 4684 1478 4743 locutus
1498 4676 1559 4735 inis-

408 4794 468 4835 sem
483 4783 524 4839 eis
539 4788 593 4842 etc.
623 4784 697 4842 Nam
713 4784 844 4845 Christus
858 4786 953 4859 palam
968 4787 998 4844 in
1013 4788 1179 4863 synagogis,
1203 4789 1310 4861 templo
1326 4795 1355 4847 et
1375 4785 1451 4861 apud
1470 4780 1559 4841 turbas
