3700 5692
828 728 891 793 l83

292 917 369 985 petua
381 916 456 971 sunt
492 909 605 971 Deinde
625 910 771 983 digressus
791 909 939 979 Musonius
961 909 999 969 ad
1013 909 1088 969 hano
1107 911 1277 971 sententiam
1293 912 1444 971 enuclean-

291 1017 360 1075 dam=
381 1018 454 1088 Quia
467 1034 525 1075 non
539 1021 681 1086 noverunt
695 1030 740 1073 me
754 1030 849 1086 neque
863 1029 927 1072 eum
943 1016 992 1088 qui
1006 1016 1083 1074 misit
1098 1032 1143 1074 me
1158 1020 1212 1074 etc.
1242 1017 1298 1075 Hie
1314 1017 1442 1089 disputa·

289 1121 333 1181 bat
345 1122 391 1193 qui
404 1120 499 1194 tieret,
514 1126 547 1179 ut
562 1108 692 1179 Christus
707 1118 828 1179 diceret:
851 1120 918 1178 Non
934 1127 1128 1193 cognoverunt
1149 1136 1213 1179 eum
1233 1121 1281 1192 qui
1297 1122 1374 1179 misit
1388 1138 1442 1195 me,

289 1241 348 1281 unm
367 1224 460 1284 Judaei
486 1241 546 1283 nou
566 1223 774 1298 agnovissent?
812 1224 874 1282 Imo
896 1228 1077 1297 agnoverunt
1096 1224 1198 1283 Deum.
1236 1225 1311 1283 Nam
1325 1230 1356 1285 et
1368 1229 1443 1286 teste
1549 1208 1556 1215 ”

289 1329 368 1387 rano
383 1332 488 1389 etanta
502 1331 549 1389 uu
564 1314 696 1389 narrum
709 1330 881 1389 iacuerunt.

364 1434 416 1492 His
430 1436 514 1509 adde,
538 1435 615 1507 quod
629 1434 725 1493 ludaei
747 1434 840 1505 legem
854 1430 1018 1493 habuerunt
1032 1440 1061 1492 et
1076 1432 1239 1506 prophetas.
1279 1434 1333 1493 Hie
1348 1437 1444 1492 autem

287 1538 415 1609 triplicem
430 1556 494 1597 esse
507 1540 700 1611 cognitionem
717 1538 764 1597 dei
787 1538 893 1597 docuit.
933 1538 1057 1597 Primam
1073 1554 1228 1611 agnoscere
1245 1540 1343 1613 deum,
1367 1538 1444 1611 quod

287 1647 387 1701 creator
401 1645 467 1703 coeli
481 1650 512 1702 et
525 1650 612 1701 terrae
627 1644 674 1715 sit
691 1644 787 1701 omnis
800 1659 890 1716 agens
905 1647 935 1701 et
949 1641 1058 1715 fovens,
1081 1646 1111 1701 et
1129 1644 1196 1701 talis
1210 1644 1335 1717 cognitio
1350 1644 1442 1717 genti·

286 1746 332 1805 bus
345 1764 456 1820 quoque
470 1747 681 1819 quodammodo
698 1748 802 1820 inerat,
818 1748 942 1805 maxime
956 1753 1052 1806 autem
1062 1745 1182 1806 Judaeis.
1207 1747 1291 1820 Quod
1304 1747 1374 1806 v'ero
1389 1746 1444 1807 cleo

286 1854 398 1911 creatori
417 1868 471 1911 suo
492 1850 610 1910 obedire
629 1856 659 1909 et
678 1851 795 1909 eredere
814 1852 845 1909 in
865 1849 1010 1908 Christum
1031 1850 1087 1907 illis
1111 1868 1129 1909 a
1153 1852 1206 1910 deo
1226 1856 1310 1924 patre
1328 1852 1445 1909 missurn

254 2000 261 2013 ι
285 1956 415 2014 voluerint
429 1971 465 2015 ac
479 1956 534 2014 hoo
548 1956 679 2013 instituto
695 1956 858 2028 longissime
874 1956 1003 2028 aberant,
1020 1956 1094 2013 sicut
1110 1956 1218 2014 Paulus
1234 1959 1289 2014 ait:
1308 1956 1365 2014 Ore
1380 1957 1442 2029 qui-

285 2058 341 2117 dem
354 2058 533 2133 confitentur,
549 2059 602 2118 sed
616 2058 700 2118 laetis
716 2065 833 2133 negant.
855 2060 989 2131 Exempli
1004 2059 1107 2131 gratia,
1124 2060 1149 2116 si
1161 2059 1367 2132 paterfamilias
1382 2078 1443 2119 ser·

284 2178 340 2220 rum
354 2164 496 2236 quendam
510 2165 624 2236 habeat,
640 2166 690 2236 qui
703 2166 805 2222 herum
816 2182 898 2223 suum
909 2168 1131 2236 praetereuntem
1148 2171 1318 2237 agnosceret
1333 2164 1443 2222 dicens:

285 2265 336 2325 Iste
349 2273 391 2327 est
404 2270 494 2327 herus
508 2284 598 2327 meus.
636 2268 694 2328 Ubi
715 2276 812 2327 autem
830 2268 1035 2343 paterfamilias
1057 2268 1204 2341 quippiam
1222 2267 1382 2327 faciendum
1398 2270 1442 2326 in·

281 2370 415 2446 jungeret,
441 2378 472 2433 et
494 2375 520 2431 is
540 2379 706 2445 contempto
725 2374 796 2431 hero
813 2375 895 2447 jussa
909 2368 1009 2432 abnuit
1029 2378 1057 2430 et
1072 2377 1246 2445 preceptum
1261 2374 1323 2447 ejus
1338 2390 1444 2445 susque

283 2474 365 2548 deque
378 2476 493 2551 lecerit,
510 2495 606 2537 nonne
620 2478 687 2537 huie
701 2479 787 2537 herus
803 2479 931 2538 dicturus
942 2482 999 2534 est:
1017 2478 1066 2535 Vis
1083 2476 1196 2549 quidem
1212 2478 1305 2536 videri
1320 2477 1443 2537 famulus

282 2595 359 2654 mens,
375 2588 405 2642 at
419 2600 458 2641 ea
472 2599 537 2654 quse
550 2583 639 2654 jubeo
654 2581 749 2642 facere
762 2584 871 2653 renuis,
894 2581 1024 2654 proiecto
1040 2598 1093 2640 nec
1107 2598 1152 2639 me
1168 2581 1268 2639 herum
1284 2588 1364 2640 tunm
1380 2600 1442 2642 esse

284 2688 412 2757 agnoscis.
440 2688 521 2745 Talis
537 2688 652 2760 quidem
666 2704 713 2745 res
728 2689 821 2760 prima
832 2686 879 2744 dei
902 2687 1011 2760 agnitio
1026 2692 1079 2745 est.
1103 2686 1204 2745 Altera
1220 2694 1263 2745 est
1280 2688 1354 2761 quod
1371 2688 1449 2746 deus-

283 2790 387 2859 quidem
400 2792 568 2865 agnoscitur
584 2808 646 2849 esse
661 2792 849 2865 omnipotens,
864 2791 965 2865 bouus,
988 2791 1148 2850 misericors
1165 2798 1194 2849 et
1206 2792 1301 2864 justus
1316 2797 1345 2850 et
1361 2792 1443 2851 Chri·

282 2900 348 2951 stum
367 2898 485 2969 quidem
503 2898 620 2955 missurn
641 2914 661 2955 a
682 2898 754 2970 deo,
781 2913 883 2955 verum
905 2898 983 2969 quod
1005 2913 1090 2955 verus
1111 2896 1180 2955 deus
1203 2904 1232 2955 et
1253 2900 1337 2956 homo
1360 2898 1442 2960 nohis

282 3002 381 3059 emerit
402 3003 434 3059 in
450 3002 588 3060 muudum
605 3006 634 3059 et
649 3001 727 3073 quod
741 3002 824 3061 nobis
838 3003 931 3075 nasci,
957 3003 1068 3074 vivere,
1088 3004 1164 3076 pati,
1184 3004 1256 3059 mori
1274 3004 1398 3076 deniqne
1414 3008 1443 3061 et

281 3118 423 3178 resurgere
442 3106 574 3178 voluerit,
591 3122 648 3178 quo
663 3122 716 3162 nos
730 3121 783 3177 per
796 3110 917 3162 mortem
939 3108 999 3178 ejus
1020 3108 1108 3166 solius
1123 3108 1210 3166 vitam
1225 3114 1362 3166 aeternam
1377 3124 1443 3168 con-

280 3222 446 3283 sequsmur,
463 3225 523 3268 non
541 3210 660 3268 eredere
681 3212 711 3287 et
733 3208 805 3266 alios
828 3210 1017 3281 opitulatores
1043 3217 1073 3269 et
1093 3211 1169 3269 bona
1192 3228 1281 3290 opera
1302 3229 1440 3285 quaerere.

280 3310 334 3371 Nec
346 3314 408 3373 haee
423 3330 540 3387 quoque
554 3320 634 3372 recta
650 3314 696 3372 dei
711 3314 819 3386 agnitio
834 3318 887 3371 est.
930 3311 977 3369 Sic
993 3313 1068 3370 euim
1083 3314 1100 3371 J
1104 3314 1185 3386 udsei,
1202 3316 1397 3373 Mahometani
1412 3325 1442 3375 et

279 3418 453 3487 specietenus
476 3418 631 3477 Christiani
654 3423 815 3490 quaerentes
833 3416 918 3475 deum
942 3421 1192 3491 aegrescentes,
1214 3436 1271 3477 non
1292 3420 1441 3477 eredentes
1509 3401 1518 3417 ⁸

279 3519 306 3577 in
319 3522 463 3586 Christum
476 3524 608 3595 missum,
631 3530 662 3581 et
682 3523 739 3581 illis
753 3523 846 3594 ipsum
867 3524 897 3580 in
911 3524 1083 3581 salvatorem
1098 3539 1132 3581 ac
1142 3506 1363 3597 ¹propitiatorem
1378 3526 1442 3582 nni·

279 3640 335 3683 cum
350 3628 451 3687 dotum
465 3626 576 3685 frustra
590 3628 761 3701 gloriantur,
793 3645 824 3686 se
840 3627 925 3686 deum
939 3634 968 3689 et
983 3643 1067 3686 nosse
1083 3634 1111 3686 et
1126 3644 1231 3686 amare.
1269 3629 1309 3686 Et
1324 3629 1441 3699 quicun-

279 3744 329 3800 que
343 3730 488 3791 Christum
502 3750 520 3789 a
534 3738 633 3805 patre,
657 3732 852 3792 sieut—dietum
866 3739 923 3805 est,
939 3734 1070 3805 missum,
1087 3748 1145 3791 non
1160 3740 1328 3805 agnoscunt,
1345 3734 1373 3791 hi
1389 3752 1441 3793 nee

278 3834 356 3906 deum
369 3841 483 3910 patrem
498 3838 584 3896 etiam
599 3838 662 3909 ipso
680 3837 793 3897 Christo
807 3843 881 3896 teste
894 3842 1075 3911 agnoscunt·
1102 3837 1202 3896 Tertia
1217 3843 1312 3897 autom
1328 3844 1358 3897 et
1371 3856 1440 3897 vera

277 3936 320 3995 dei
332 3942 460 4014 cognitio
474 3941 536 3998 haec
551 3946 604 4012 est,
628 3942 701 3999 scire
723 3942 808 3999 deum
828 3948 939 4015 patrem
960 3958 996 3999 ex
1010 3942 1148 4001 immensa
1170 3959 1223 4001 sua
1237 3943 1377 4021 charitate
1392 3944 1411 4003 J
1413 3962 1441 4003 e·

277 4058 334 4101 sum
355 4044 502 4104 Christum
524 4044 614 4103 filium
640 4063 723 4103 snum
748 4047 864 4105 unicum
889 4048 921 4103 in
943 4046 1018 4104 lrunc
1038 4046 1174 4105 mundum
1196 4050 1319 4121 misisse,
1343 4056 1376 4109 ut
1390 4066 1441 4122 per

276 4146 364 4219 ipsum
379 4155 411 4218 et
424 4150 455 4207 in
469 4166 521 4209 suo
536 4157 718 4209 sacrosancto
733 4152 873 4224 sangnine
886 4150 1042 4209 liberemur
1057 4169 1074 4209 a
1088 4157 1195 4226 morte,
1216 4153 1329 4213 diaholo
1353 4159 1382 4211 et
1395 4156 1439 4210 in·

276 4248 369 4325 lerno,
391 4270 427 4311 ac
441 4259 474 4313 ut
488 4255 596 4326 omnis,
622 4255 671 4326 qui
693 4254 833 4313 creditis
854 4272 932 4329 eum,
956 4272 1014 4313 non
1029 4263 1144 4329 pereat,
1169 4258 1220 4315 sed
1234 4258 1339 4315 habeat
1353 4258 1440 4315 vitam

275 4360 436 4437 aeternam.¹
472 4358 514 4417 Ac
534 4358 655 4417 eundem
675 4364 786 4431 patrem
806 4359 912 4418 dixisse
935 4361 1177 4434 proeeepisseque,
1203 4366 1236 4417 ut
1257 4360 1333 4417 hunc
1346 4362 1440 4431 ipsum

275 4458 416 4521 Christum
431 4462 603 4522 audiremus.
631 4464 671 4522 Et
684 4465 739 4523 hoc
753 4467 805 4537 est,
822 4464 899 4536 quod
914 4464 1044 4523 Christus
1058 4464 1111 4521 ait:
1140 4464 1212 4534 Quia
1227 4480 1285 4522 non
1295 4480 1440 4538 ‘cognove-

273 4571 339 4625 runt
360 4584 440 4640 enm,
464 4568 514 4639 qui
533 4569 611 4627 misit
630 4585 684 4627 me.
722 4569 794 4626 Haec
818 4574 915 4628 autem
938 4568 1063 4640 cognitio
1088 4582 1123 4623 ex
1147 4568 1301 4641 largitione
1322 4563 1461 4642 spiritus'

273 4673 362 4729 eaucti
377 4677 437 4731 ate
452 4674 584 4745 supernis
598 4674 685 4731 venit.
723 4673 803 4731 Sicut
817 4672 948 4731 Christos
967 4670 1006 4729 ad
1025 4678 1135 4746 patrem
1150 4674 1243 4746 ipsum
1258 4672 1439 4733 confitentem

274 4771 360 4832 filium
376 4775 424 4833 dei
438 4777 493 4835 ait:
516 4777 623 4835 Beatus
646 4795 677 4835 es
693 4777 790 4837 Sirnon
805 4778 961 4850 Earinus,
982 4778 1049 4849 quia
1064 4791 1132 4836 earo
1148 4784 1177 4837 et
1191 4781 1307 4851 sanguis
1322 4796 1380 4838 non
1395 4794 1439 4839 re-
