3700 5692
415 904 547 964 oratione
556 901 700 976 publionm
708 901 785 963 iiiios
794 903 962 978 evangelici,
976 901 1085 962 scilieet
1099 899 1198 962 »Dens
1208 901 1348 978 propitius
1361 905 1419 963 esto
1429 900 1491 961 mibi
1502 917 1559 978 pso

414 1010 536 1069 eutem«
567 1007 638 1067 Post
651 1008 714 1068 hmo
724 1010 807 1082 jussu
821 1007 928 1068 christi
942 1012 972 1067 et
988 1007 1118 1081 exemplo
1132 1008 1327 1082 apostolorum
1340 1007 1479 1068 admonuit
1489 1009 1559 1069 obse

413 1114 557 1174 orationes
570 1127 625 1188 pro
639 1113 770 1173 omnibus
784 1113 928 1173 boninum
943 1112 1092 1173 ordinibus
1105 1111 1182 1185 deri,
1204 1117 1270 1185 post
1284 1113 1346 1170 ineo
1359 1129 1394 1172 ex
1406 1113 1504 1187 seripto
1516 1130 1559 1174 no

413 1219 491 1277 mina
513 1234 611 1278 eorum
629 1217 773 1291 referens,
799 1218 848 1292 qui
867 1219 1078 1278 matrimonium
1099 1219 1174 1276 inire
1196 1217 1387 1278 destinassent
1407 1233 1439 1276 no
1458 1235 1506 1292 pro
1525 1219 1562 1276 bis

411 1321 590 1383 interoedere
608 1322 722 1396 jubens.
761 1322 876 1382 Deinde
898 1322 1060 1398 catalogum
1080 1322 1179 1381 morbo
1200 1321 1392 1382 laborantium
1409 1328 1438 1382 et
1450 1323 1496 1396 qni
1506 1337 1561 1382 ora·

411 1430 519 1487 tionem
534 1428 661 1486 maionis
681 1429 881 1503 expetiissent,
905 1427 1052 1502 recitavit,
1076 1427 1117 1488 ita
1136 1437 1169 1488 nt
1188 1429 1382 1502 cojuscunque
1400 1428 1460 1501 quis
1477 1427 1561 1488 oondi·

411 1533 498 1592 tionis
511 1537 595 1592 esset
615 1533 769 1609 indicaret,
793 1534 954 1607 suppressis
976 1539 1071 1592 tumen
1093 1533 1260 1594 nominibus.
1301 1532 1425 1594 Ooiieoia
1443 1533 1562 1593 etteno-

411 1635 535 1697 dictione
543 1638 644 1712 popuii
651 1634 775 1698 officium
783 1641 899 1697 soumis
908 1638 1060 1698 absolvens
1074 1639 1195 1699 umbone
1210 1638 1349 1699 disoessit
1371 1639 1440 1700 Post
1451 1639 1508 1698 mo
1520 1638 1562 1697 do

410 1742 488 1801 mino
501 1742 633 1802 Musonio
648 1743 755 1818 gradm
770 1741 943 1803 ostendente
964 1744 1083 1803 ecelesia
1103 1744 1180 1804 oanit
1199 1744 1333 1819 hymnum
1353 1744 1389 1804 de
1403 1744 1564 1804 invomtione

412 1845 533 1921 Spiritus
554 1846 667 1921 Sanod,
700 1865 757 1923 quo
778 1846 861 1908 inito
881 1848 1029 1908 Musonius
1057 1848 1163 1924 populo
1187 1851 1317 1922 spiritum
1339 1849 1395 1910 Dei
1416 1849 1513 1908 bonum
1533 1846 1563 1907 ad

365 1967 369 1976 ’
410 1950 584 2012 audendum
597 1969 661 2012 oum
676 1953 772 2014 irnotu
794 1953 912 2014 verbum
934 1955 1024 2029 ipsios
1047 1954 1220 2029 imprecatos
1233 1957 1393 2015 orationem
1414 1953 1566 2014 dominicam

412 2072 497 2118 orare
508 2059 612 2133 jussit,
628 2059 748 2133 ipsemet
761 2060 873 2136 prolixe
892 2075 988 2120 orans.
1027 2059 1097 2119 Post
1110 2060 1142 2120 id
1156 2057 1233 2120 idem
1247 2060 1379 2121 dominus
1393 2057 1565 2133 Woiigangos

410 2163 549 2239 excapite
556 2165 618 2239 xiiij
627 2165 817 2226 ioannisbosc
826 2163 916 2224 verba
929 2165 1013 2238 iogit:
1032 2164 1107 2236 »Qui
1119 2165 1208 2226 habet
1217 2166 1355 2227 mandata
1368 2181 1431 2226 mea
1442 2170 1471 2224 et
1483 2171 1567 2224 seruat

410 2282 456 2345 ea,
472 2269 520 2328 iiie
535 2275 588 2344 est,
605 2271 656 2345 qui
670 2271 764 2346 diligit
777 2286 838 2345 mo,
853 2285 943 2344 osque
958 2268 997 2329 ad
1011 2270 1084 2330 bauo
1099 2272 1262 2346 periodum:
1285 2271 1358 2331 iimo
1371 2272 1501 2346 loquutus
1514 2283 1567 2350 som

409 2373 522 2449 vobis«,
539 2375 683 2437 disserens
696 2376 733 2436 do
747 2375 887 2451 dignitate
901 2376 1052 2436 uerborum
1061 2375 1176 2450 christi,
1194 2375 1230 2437 de
1245 2375 1494 2437 differentiaiuda
1502 2376 1568 2434 isia·

409 2480 493 2541 riotis
506 2482 673 2542 mereatoris
687 2486 718 2540 et
731 2480 816 2541 iuda
831 2481 949 2542 Tbadmi
964 2481 1077 2543 eordoti
1093 2479 1256 2542 oondtontis
1270 2481 1411 2558 Domino,
1433 2482 1478 2541 vei
1490 2477 1567 2540 ooni-

409 2591 473 2646 tons
487 2585 650 2645 Dominum.
683 2586 728 2646 De
742 2585 863 2661 simpiioi
877 2587 1104 2660 interrogatione
1118 2587 1215 2662 Judae,
1232 2593 1261 2648 et
1275 2603 1312 2646 na
1327 2604 1382 2649 nos
1396 2585 1568 2659 misenensi

389 2717 395 2726 2
409 2705 466 2751 non
490 2691 579 2750 semei
591 2695 679 2764 atquo
699 2692 803 2750 iterum
817 2692 916 2752 andito
936 2693 1024 2754 verbo
1044 2709 1111 2753 mox
1126 2691 1232 2753 Chrisd
1245 2700 1370 2755 mentem
1384 2707 1569 2767 essedorum,

407 2795 461 2856 sed
476 2796 599 2855 orationi
613 2797 765 2871 inswmos,
789 2804 823 2858 nt
836 2797 976 2858 Dominus
992 2797 1075 2859 nobis
1096 2814 1210 2859 sensum
1229 2801 1343 2875 operiat
1365 2806 1395 2860 ot
1408 2797 1569 2859 inteliootom

408 2899 465 2960 det.
504 2900 576 2960 Item
595 2899 631 2960 de
652 2901 847 2974 inaequalitate
866 2899 970 2963 divinae
990 2909 1020 2962 et
1033 2903 1165 2963 humanae
1185 2905 1366 2966 conditionis.
1405 2905 1477 2966 Item
1495 2918 1570 2977 qnam

407 3020 512 3080 magna
526 3005 563 3063 sit
576 3005 726 3078 promissio
742 3006 812 3082 buo,
828 3007 906 3081 quod
916 3013 1000 3081 pater
1016 3015 1045 3067 et
1056 3009 1119 3082 ipse
1130 3015 1274 3069 amantem
1288 3011 1348 3070 sint
1361 3008 1532 3072 radanumri
1544 3011 1570 3064 ot

406 3110 580 3171 mansionem
593 3110 672 3184 apud
686 3112 761 3171 buno
784 3110 880 3174 iacere
899 3112 1001 3185 veiint;
1027 3113 1096 3172 item
1115 3114 1192 3187 quod
1207 3115 1237 3173 in
1251 3117 1306 3176 boo
1320 3131 1379 3176 nno
1399 3131 1468 3176 vora
1486 3115 1571 3172 unitas

406 3222 437 3276 ot
450 3213 601 3276 eonoordia
615 3216 692 3276 inter
705 3217 799 3278 Deum
813 3224 843 3277 ot
856 3217 999 3278 bominem
1014 3218 1166 3293 consistat,
1183 3224 1216 3279 ot
1229 3221 1314 3282 homo
1328 3219 1388 3282 fide
1403 3221 1519 3281 verbmn
1529 3232 1570 3278 re·

405 3319 495 3396 oipiut
510 3326 540 3381 et
554 3337 586 3382 se
600 3322 664 3383 Deo
679 3324 756 3401 patri
771 3329 801 3383 et
814 3321 875 3384 iiio
890 3339 942 3397 per
957 3322 1096 3397 spiritum
1112 3324 1141 3384 S.
1157 3325 1313 3400 regendum
1328 3328 1485 3401 permittat.
1507 3327 1571 3385 Iton

404 3425 442 3487 de
457 3427 557 3487 innato
578 3427 687 3488 homini
697 3429 849 3504 snperbia,
874 3429 923 3502 qui
939 3429 964 3486 si
978 3429 1024 3488 vei
1036 3429 1190 3499 ,tantillum
1207 3431 1316 3492 bonore
1331 3434 1379 3493 vei
1398 3432 1499 3508 opibus
1516 3430 1572 3488 aliis

405 3532 563 3608 proruunt,
580 3549 638 3593 non
653 3539 794 3607 potestas
809 3549 844 3594 eo
858 3532 1020 3608 demittere,
1036 3539 1068 3593 ut
1083 3551 1114 3594 se
1128 3542 1271 3596 amantem
1286 3539 1332 3597 vei
1346 3539 1482 3613 pusillum
1496 3535 1570 3596 reda·

404 3641 463 3696 mot
481 3643 511 3697 et
525 3653 582 3698 non
603 3643 781 3713 contemnat,
805 3639 871 3700 Und
891 3655 950 3699 was
971 3638 1044 3700 doob
1064 3639 1117 3700 der
1131 3656 1183 3701 vor
1197 3643 1244 3700 ein
1258 3657 1355 3702 armer
1369 3643 1507 3702 Monsoins
1527 3639 1571 3711 soi

404 3741 457 3802 der
477 3741 551 3815 den,
574 3759 631 3803 von
643 3742 709 3802 dem
723 3743 776 3802 ebr
790 3741 913 3818 goiiebet
928 3745 1000 3818 wint,
1016 3745 1094 3804 nieht
1107 3743 1214 3806 uidder
1224 3747 1303 3809 liebt.
1327 3748 1401 3809 item
1416 3745 1494 3822 quod
1501 3744 1572 3804 Deos

404 3860 463 3905 non
477 3852 663 3919 tyrannorum
676 3863 758 3908 more
779 3846 818 3908 ad
831 3865 864 3908 se
879 3848 1071 3910 eonfitendum
1087 3855 1116 3909 ot
1132 3853 1284 3913 amandum
1298 3852 1379 3913 ierro
1403 3859 1435 3914 ot
1448 3854 1477 3913 vi
1490 3850 1571 3911 homi·

405 3967 457 4014 nes
478 3950 589 4026 adigat,
613 3952 666 4011 sed
688 3969 775 4025 qnam
795 3953 957 4029 benigniter
972 3972 1039 4015 suos
1053 3955 1170 4016 aliioiot.
1208 3957 1281 4017 Item
1295 3973 1383 4032 quam
1405 3972 1503 4018 earnm
1516 3953 1572 4014 Deo

403 4056 540 4130 templum
564 4057 603 4115 sit
622 4058 661 4131 is,
685 4058 734 4130 qui
755 4059 873 4119 verbum
894 4058 1010 4120 Domini
1031 4062 1143 4122 sinoero
1160 4060 1218 4122 fide
1236 4064 1366 4138 reeipiot.
1411 4064 1497 4124 Huno
1518 4074 1573 4120 ease

403 4159 494 4221 aedem
507 4176 634 4237 suumn,
649 4160 725 4221 bunc
739 4178 803 4223 esso
817 4179 885 4224 vere
900 4164 972 4225 iilud
987 4167 1134 4226 sasoniam
1149 4166 1194 4244 (ut
1204 4165 1470 4245 vulgoioquuntur)
1486 4179 1573 4227 naora-

401 4267 491 4328 menti
504 4269 756 4328 conservatorinm.
796 4269 904 4343 Magon
923 4271 999 4330 enim
1020 4276 1049 4331 et
1064 4273 1190 4346 expolita
1209 4273 1361 4348 phalerata
1376 4273 1514 4334 mundum
1527 4271 1571 4330 de

402 4378 476 4434 seut.
500 4371 579 4433 Deus
593 4371 651 4432 tide
667 4379 697 4433 et
710 4373 796 4448 corde
811 4390 898 4449 puro,
915 4391 973 4436 non
988 4377 1077 4437 multo
1092 4378 1235 4438 exteriore
1249 4385 1352 4440 ornatu
1367 4379 1487 4454 gaudet.
1508 4376 1573 4436 Item

401 4476 480 4551 qnod
493 4478 679 4552 magistratus
692 4479 749 4538 bno
762 4481 890 4540 intentus
910 4481 948 4540 sit
968 4486 998 4540 st
1013 4482 1177 4543 consideret
1196 4484 1270 4544 bano
1290 4499 1379 4546 unam
1401 4493 1431 4546 et
1445 4483 1573 4560 optimam

402 4595 466 4640 esse
481 4582 640 4642 oonoordim
654 4585 738 4658 dam,
754 4588 787 4643 nt
799 4581 920 4645 ‘verbum
935 4585 1050 4646 Domini
1065 4589 1176 4652 sincere
1191 4590 1348 4666 praedicare
1363 4591 1493 4662 sinator3
1512 4601 1573 4646 nam

402 4684 444 4742 sio
458 4696 511 4742 nos
525 4689 687 4747 mensiones
701 4687 756 4748 Dei
770 4687 843 4749 fiori.
882 4690 928 4750 Do
942 4693 997 4752 boo
1019 4698 1115 4754 autem
1135 4696 1222 4756 iatius
1236 4697 1278 4755 sio
1298 4696 1480 4770 exigentibus
1493 4693 1572 4753 robus

404 4785 494 4866 dixit,
518 4803 604 4866 quom
624 4789 672 4850 bio
685 4791 793 4854 obortis
807 4794 906 4854 iiiiniri
924 4796 1016 4870 possit
1037 4805 1091 4860 eto.
1129 4801 1202 4862 item
1221 4800 1298 4875 quod
1312 4800 1446 4868 cbristus
1465 4797 1573 4870 dixerit,
