3700 5692
418 938 492 997 hano
511 938 656 999 voluerint
675 937 777 997 horum
795 937 949 997 verborum
968 950 1030 994 esse
1052 934 1234 1006 senteutiam,
1247 927 1348 992 ‘Pater
1366 935 1458 1008 major
1474 949 1516 993 me
1529 939 1575 994 ost.

420 1039 495 1114 Quia
514 1044 632 1102 ccelesto
650 1059 771 1118 regnum
791 1047 821 1102 et
840 1040 941 1117 gloria·
952 1041 997 1098 his
1016 1037 1200 1100 inferioribus
1222 1040 1388 1114 gauderetis
1402 1041 1498 1115 adque
1510 1040 1578 1116 quod

316 1231 319 1235 ἵ
419 1146 449 1204 iu
464 1148 601 1221 majorem
614 1154 769 1208 transeam.
800 1147 871 1205 Haeo
890 1145 1030 1222 expositio
1050 1149 1145 1203 eutem
1167 1160 1220 1204 nec
1239 1143 1316 1204 mala
1334 1162 1388 1205 neo
1408 1147 1518 1220 quidem
1534 1147 1578 1204 im·

419 1249 568 1326 probanda
583 1258 635 1312 est.
666 1252 739 1310 Mihi
754 1258 849 1312 eutem
863 1253 974 1324 videor,
997 1252 1021 1309 si
1036 1248 1126 1310 verba
1142 1248 1249 1310 Christi
1264 1251 1430 1325 diligentius
1444 1253 1577 1312 exoubm·

419 1362 477 1430 tur,
494 1356 595 1417 horum
610 1360 763 1432 genuinam
775 1357 851 1416 hanc
864 1356 958 1418 rideri
973 1357 1152 1415 sententiam.
1183 1354 1257 1428 Quia
1271 1359 1357 1429 peter
1370 1357 1463 1430 major
1476 1371 1520 1415 me
1533 1361 1578 1429 ost,

420 1462 585 1536 gauderetis
600 1463 707 1537 utique,
732 1463 810 1536 quod
824 1463 1016 1523 obedientiam
1029 1463 1107 1536 patri
1121 1466 1264 1535 praestem,
1289 1461 1363 1520 sicut
1381 1461 1418 1522 ab
1440 1463 1502 1535 ipso
1514 1475 1578 1535 pre

420 1567 582 1627 ordinatum
602 1574 654 1643 est,
678 1575 709 1628 et
731 1585 816 1643 opus,
841 1566 918 1642 quod
938 1569 1001 1643 ipse
1022 1567 1092 1626 milri
1110 1568 1243 1642 injunxit,
1267 1563 1464 1641 perficiamet
1482 1567 1510 1626 iu
1530 1571 1581 1624 ten

421 1673 605 1732 excellentem
626 1673 747 1747 gloriam
767 1689 953 1732 concessurus
974 1672 1012 1733 ad
1032 1672 1180 1732 dexteram
1200 1671 1256 1731 Dei
1277 1673 1370 1745 patris
1388 1677 1517 1732 reverter
1534 1677 1579 1730 eto.

420 1777 536 1836 Monuit
554 1783 584 1836 et
602 1778 665 1852 hoc,
682 1777 835 1852 discipulos
853 1778 969 1852 quidem
990 1779 1135 1839 dominum
1157 1793 1266 1837 summo
1285 1793 1384 1837 amore
1405 1781 1582 1852 prosequutus

421 1878 522 1955 luisse,
546 1883 678 1944 nimirum
701 1885 731 1942 in
753 1885 846 1958 primo
868 1885 974 1959 gradu
997 1884 1052 1945 hoo
1076 1889 1134 1959 est,
1157 1884 1200 1946 ite
1223 1881 1367 1943 Christum
1390 1883 1536 1956 amabant,
1556 1885 1583 1938 ut

421 1989 576 2062 presentia
593 1995 623 2048 et
641 1991 849 2050 consuetudine
868 2006 921 2050 sua
940 1989 1047 2048 diutius
1067 1987 1125 2048 frui
1144 1993 1290 2063 cuperent.
1327 1987 1425 2060 Quare
1447 1994 1478 2048 et
1498 1987 1533 2046 ob
1549 1985 1583 2058 id,

422 2091 498 2166 quod
514 2093 608 2152 abitus
623 2093 668 2151 sui
681 2096 855 2172 mentionem
868 2093 993 2169 iecisset,
1009 2094 1153 2153 uhtiores
1165 2092 1275 2154 redditi
1289 2098 1365 2153 eunt.
1388 2095 1488 2153 Minus
1501 2097 1585 2154 eutem

422 2196 547 2258 seeundo
567 2200 674 2258 amoris
692 2198 795 2274 gradui
815 2198 1020 2273 satisfecerint,
1043 2199 1166 2272 seilicet,
1189 2199 1257 2273 quia
1275 2198 1469 2258 obedientiam
1490 2197 1584 2257 domiui

422 2318 493 2377 erga
514 2309 640 2378 putrem,
663 2309 694 2362 et
714 2319 789 2379 eam,
813 2306 845 2363 in
866 2319 952 2378 quam
975 2303 1105 2364 Christus
1126 2304 1297 2364 introiturus
1317 2313 1381 2364 erat
1401 2305 1523 2379 gloriam
1535 2317 1586 2362 non

423 2410 483 2467 suis
502 2406 650 2469 affectibus
669 2415 700 2469 ιι
719 2411 863 2483 corporali
885 2409 994 2470 Christi
1012 2411 1168 2483 praesentia
1189 2410 1379 2484 protulerint.
1419 2411 1501 2470 Dixit
1521 2409 1587 2468 enim

424 2512 555 2572 Christus
566 2512 756 2574 «Genderetis
768 2516 877 2590 utique,
891 2517 960 2588 quia
972 2519 1056 2589 pater
1068 2517 1162 2589 major
1170 2531 1216 2575 me
1230 2519 1306 2590 est«,
1315 2516 1399 2590 quasi
1411 2516 1499 2590 dieat,
1511 2511 1588 2574 «Nou

422 2617 461 2678 ob
480 2617 512 2677 id
533 2618 663 2677 abiturus
684 2633 755 2692 sum,
780 2620 859 2691 quod
872 2620 961 2679 nolim
975 2619 1083 2686 diutius
1097 2619 1244 2681 vobiscum
1258 2621 1290 2682 in
1303 2621 1391 2681 terris
1406 2621 1522 2696 degere,
1544 2621 1587 2677 eut

423 2720 499 2796 quod
514 2723 603 2783 vestri
618 2725 758 2796 pertesus
772 2723 839 2796 sim3
856 2723 907 2784 sed
922 2725 989 2798 quia
1005 2731 1088 2801 peter
1103 2727 1195 2800 major
1209 2743 1264 2801 me,
1278 2732 1362 2787 vocat
1374 2743 1421 2786 me
1436 2725 1589 2787 obedientia

423 2828 501 2902 petri
515 2826 690 2902 prestanda,
713 2835 745 2888 ιιι
760 2845 832 2904 opus
846 2830 1052 2904 redemptionis
1072 2832 1247 2905 compleatur
1266 2835 1297 2892 ιι
1315 2832 1353 2892 ad
1371 2833 1500 2906 priorem
1508 2828 1587 2890 ,obri-

423 2937 512 2993 tatem
528 2937 557 2992 et
571 2939 701 3007 paratam
715 2933 785 2992 mihi
799 2934 921 3010 gloriam
936 2935 1099 2996 concedam.
1136 2935 1216 3011 lloeo,
1239 2938 1366 3012 inquam,
1388 2938 1415 2997 si
1430 2937 1521 3012 probe
1534 2951 1591 3011 per·

424 3037 596 3114 ponderetis,
619 3039 784 3113 gauderetis
804 3042 1005 3116 potiusquam
1025 3041 1297 3104 renuntiarentur«
1335 3041 1453 3102 Dooens
1470 3042 1590 3102 domiuus

424 3142 479 3201 hoc
493 3143 632 3220 exemplo,
655 3146 732 3219 qnod
753 3146 916 3206 obedientie
936 3152 966 3207 et
983 3146 1024 3221 id,
1046 3149 1078 3208 iu
1099 3147 1176 3221 quod
1196 3149 1299 3208 missus
1319 3154 1391 3222 crat,
1417 3150 1510 3208 amori
1530 3159 1591 3218 ergs

425 3249 579 3324 discipulos
593 3256 623 3310 et
637 3253 732 3311 cornis
746 3250 896 3312 stlembus
910 3253 1047 3326 pretulit.
1078 3253 1153 3314 Nam
1168 3252 1278 3314 solebat
1297 3255 1337 3312 sio
1352 3253 1450 3313 Deum
1466 3251 1591 3316 dilexisse

424 3354 571 3431 mundum,
595 3361 628 3415 ut
645 3357 721 3416 buno
739 3354 829 3418 lilium
848 3375 932 3418 suurn
952 3357 1075 3432 dederit,
1098 3373 1155 3431 quo
1176 3359 1278 3435 omnis,
1302 3359 1352 3433 qui
1370 3359 1468 3420 credit
1480 3361 1512 3419 in
1526 3372 1591 3427 eeu,

424 3476 482 3520 non
497 3468 607 3536 pereat,
631 3463 683 3522 sed
700 3463 789 3522 vitam
809 3469 946 3524 ιιιιιιιιιιι
968 3463 1095 3536 habeet3'
1112 3479 1165 3523 nos
1184 3462 1239 3525 deo
1258 3463 1323 3539 plus
1343 3464 1464 3526 obedire
1485 3463 1593 3532 debere,

425 3572 456 3626 ot
469 3582 554 3641 quam
575 3569 727 3641 unicuique
747 3570 925 3630 vocatiouem
944 3571 1006 3644 ipse
1020 3569 1191 3643 injunxerit,
1214 3569 1327 3644 privato
1347 3579 1448 3630 amore
1469 3575 1500 3630 ιι
1518 3565 1593 3628 edec-

425 3671 501 3732 tibue
521 3674 658 3747 mojorem
678 3674 784 3734 ducere
798 3674 914 3735 debere.
946 3675 1031 3748 Nem,
1051 3676 1145 3750 inquit
1158 3675 1316 3748 Musonius,
1340 3691 1422 3736 amor
1443 3678 1523 3736 intra
1537 3689 1594 3732 nor·

426 3792 501 3836 mem
516 3779 637 3852 Justitiee
652 3787 829 3854 permaneat
858 3781 992 3857 Exempli
1006 3781 1109 3855 gratie.
1141 3780 1229 3842 Peter
1242 3797 1285 3856 es,
1308 3780 1416 3840 liberos
1432 3781 1523 3840 chara
1536 3793 1593 3836 con·

423 3881 497 3957 jugii
515 3883 637 3958 pignora
654 3889 753 3944 tenore
773 3884 882 3960 diligis;
900 3887 981 3960 justa
1003 3891 1048 3946 est
1069 3893 1099 3946 et
1120 3901 1205 3960 equa
1225 3887 1287 3946 hcec
1307 3886 1427 3961 sturgio.
1466 3887 1595 3946 Attamen

426 3989 536 4046 ita‘eos
558 3994 667 4062 amato,
690 4006 727 4049 ne
745 3992 824 4065 ipsos
845 3990 908 4050 Deo
927 3989 1068 4065 proferas
1087 3995 1117 4050 et
1136 3991 1194 4050 illis
1212 3997 1313 4051 contra
1333 3990 1388 4050 Dei
1410 3993 1550 4054 mandate
1569 3993 1595 4048 et

422 4091 543 4166 ,iustitie
568 4108 697 4154 normem
718 4111 786 4156 care
812 4098 975 4157 conniveas.
1020 4097 1136 4156 Amicus
1158 4097 1210 4158 tibi
1232 4098 1336 4173 aliquis
1358 4103 1417 4172 est,
1443 4098 1499 4158 tibi
1521 4097 1595 4155 unice

427 4194 516 4269 eordi,
532 4199 579 4257 oui
592 4200 624 4258 in
638 4200 769 4261 omnibus
783 4218 890 4262 morem
906 4193 1009 4277 gerere
1023 4203 1129 4276 cupias.
1152 4202 1194 4262 At
1208 4219 1272 4264 enm
1287 4203 1329 4264 ite
1343 4209 1453 4279 amato,
1468 4219 1507 4264 ne
1522 4199 1597 4262 amici

426 4317 514 4364 eausa
530 4303 586 4364 Dei
606 4306 689 4381 ham,
712 4308 816 4366 anime
833 4313 892 4368 tue
911 4309 1079 4384 periculum,
1103 4312 1153 4369 sut
1170 4313 1255 4384 turpe
1275 4310 1345 4383 quid
1365 4309 1410 4368 vel
1431 4311 1539 4370 subeas
1556 4303 1596 4366 rol

354 4435 359 4444 ·
426 4410 596 4471 committes.
626 4412 717 4472 Filius
735 4411 858 4474 familiae
877 4431 919 4489 es,
943 4415 984 4474 sic
1003 4419 1117 4489 patrem
1136 4416 1286 4489 reveritor,
1311 4419 1462 4475 notamen
1477 4409 1596 4476 ooelestis

425 4514 503 4573 illius
516 4517 608 4589 patris
621 4516 759 4578 honorem
778 4519 938 4580 imminuas.
972 4521 1059 4595 Item,
1082 4521 1106 4579 si
1126 4536 1183 4594 que
1203 4520 1241 4580 ad
1260 4519 1317 4580 Dei
1335 4521 1459 4596 gloriam
1479 4524 1532 4580 aut
1548 4514 1597 4576 rel·

427 4617 550 4694 publice
568 4622 728 4696 profectum
746 4641 895 4701 vocemur,
918 4641 1083 4701 quenquam
1102 4641 1221 4687 uxorem
1243 4632 1273 4686 et
1294 4625 1398 4688 liberos
1422 4641 1553 4686 amemus
1573 4624 1598 4680 et

427 4725 544 4798 nostris,
566 4732 599 4787 ut
616 4743 729 4802 equum
750 4737 808 4805 est,
829 4732 905 4792 bene
923 4747 1049 4806 preesse
1068 4733 1224 4806 cupiemus,
1247 4737 1343 4792 umen
1361 4731 1405 4791 his
1427 4727 1596 4806 posthabitis

429 4826 543 4892 domino
555 4831 694 4893 honorem
706 4833 804 4896 domus
817 4841 848 4897 et
865 4853 1017 4911 pereamus
1031 4839 1154 4900 vuenti.
1194 4837 1345 4913 Similiter,
1367 4839 1392 4899 si
1412 4851 1489 4900 crux
1508 4833 1597 4912 perfe-
