3700 5692
957 758 1022 825 tao

489 943 567 1004 Nota
583 941 644 1020 [de]
660 938 817 1003 baronibus
833 940 869 1001 de
884 940 999 1001 Benrcn
1014 946 1044 1001 ct
1058 939 1237 1018 Patbergiois
1250 943 1352 1003 vicinis
1367 939 1478 1018 nostris,
1499 960 1559 1017 quo

401 1063 465 1107 rum
486 1050 598 1109 techna
616 1042 678 1124 jam
700 1049 824 1125 primum
846 1046 900 1107 sub
923 1044 1076 1108 Octobrem
1104 1047 1226 1109 detecta
1252 1054 1329 1109 sant.
1375 1049 1432 1110 Sed
1458 1048 1559 1123 auspice

400 1152 514 1215 cbristo
530 1154 754 1217 devolvebantur
767 1154 799 1212 in
815 1169 878 1214 eam
893 1170 979 1229 quam
994 1154 1076 1215 nobis
1091 1158 1268 1229 paraverunt
1280 1136 1402 1215 foveam

487 1261 583 1321 Julius
603 1261 662 1337 illa,
685 1260 731 1320 cui
751 1261 788 1320 ab
807 1266 907 1319 aratro
927 1272 1030 1321 momen
1051 1266 1103 1335 est,
1127 1260 1233 1321 dicitur
1252 1264 1283 1321 et
1300 1261 1363 1336 ipse
1383 1274 1511 1321 exarasm
1524 1259 1561 1317 iu-

399 1368 493 1426 terim.

488 1471 649 1547 Augustani
668 1474 792 1547 vigesies
811 1478 936 1547 quatuor
958 1480 1094 1534 centenos
1115 1471 1241 1534 florenos
1264 1472 1441 1545 Percnottis,
1462 1468 1561 1530 libern-

400 1578 508 1652 burger
521 1583 551 1637 et
566 1580 625 1638 suis
640 1577 756 1638 asseclis
770 1594 825 1654 pro
839 1580 945 1640 litteris
958 1576 1166 1655 pacificationis
1186 1596 1250 1639 cum
1265 1578 1379 1640 Caesare
1401 1578 1510 1638 dedmss
1526 1575 1562 1634 dl·
1585 1602 1588 1605 ·

401 1689 513 1743 cuntur.
1046 1704 1052 1709 ·

488 1789 619 1849 Justinus
632 1787 773 1851 Goblerus
786 1797 816 1850 et
828 1790 929 1851 Justus
943 1790 1086 1851 Homerus
1099 1792 1194 1867 legum
1208 1790 1341 1852 doctores
1355 1790 1457 1851 eadem
1472 1788 1508 1851 ad
1521 1803 1565 1847 nos

401 1896 513 1956 litteras
531 1895 647 1957 dedere.
1149 1918 1155 1925 ·

488 2000 566 2061 Nota
580 2003 617 2062 de
635 2002 798 2063 rumoribus
819 2005 951 2078 pessimis
971 1995 1007 2063 cle
1030 2004 1179 2065 comitibus
1199 2003 1277 2079 apud
1296 2008 1441 2064 nostrates
1460 1999 1564 2075 sperem

489 2107 584 2183 Dicta,
595 2126 672 2183 ,quoe
687 2111 769 2171 nobis
783 2112 814 2169 in
829 2110 988 2171 Weimaria
1002 2117 1104 2171 contra
1119 2109 1300 2171 Guntherum
1319 2110 1453 2169 comitem
1470 2105 1566 2167 indicta

401 2218 480 2289 erat,
503 2214 625 2276 ulterius
640 2211 799 2293 prorogata
814 2221 867 2277 est.
958 2254 966 2259 -

492 2318 669 2382 consensum
691 2324 785 2382 estin
805 2324 898 2382 sexies
919 2328 1040 2383 centena
1062 2322 1152 2383 millia
1172 2323 1316 2383 nummtm
1335 2321 1366 2379 in
1388 2336 1458 2380 usus
1476 2316 1566 2378 Fordi-

401 2426 489 2487 nandi
503 2428 582 2503 regis
596 2428 635 2488 ad
654 2425 826 2489 munitiones
847 2428 960 2490 urbium
980 2430 1011 2487 in
1031 2426 1191 2490 confinibus
1211 2428 1370 2490 Turcarum
1392 2432 1422 2487 ct
1441 2427 1471 2485 ln
1485 2438 1567 2497 smap-

402 2538 450 2591 tus
464 2530 590 2594 bellicos.
717 2511 720 2515 ¹

490 2639 633 2698 Ernestus
649 2639 707 2700 dun
722 2656 740 2699 a
755 2638 985 2715 Grobbcnhagen
1000 2656 1132 2701 reversus
1147 2639 1262 2701 dicitur.

487 2744 595 2818 jJunii
610 2744 758 2804 Musculus
777 2742 934 2806 Ilbusanus
952 2747 1108 2823 intemplo
1127 2747 1260 2807 Mauritii
1279 2760 1380 2806 rursus
1401 2760 1438 2806 ex
1457 2758 1516 2817 cap.
1533 2737 1566 2797 15

401 2846 523 2908 Jodnnis
544 2848 607 2909 haec
628 2850 718 2933 verba
738 2854 810 2927 legit
831 2860 862 2911 et
883 2852 985 2912 eadem
1008 2854 1135 2912 ecclesiae
1158 2855 1302 2914 inculcare
1324 2853 1438 2927 coepit,
1458 2846 1566 2909 scilicet:

405 2954 495 3013 «Haec
507 2953 619 3019 loeutus
634 2973 698 3016 sum
711 2959 802 3032 vobis,
818 2963 851 3018 ut
865 2960 1001 3034 gaudium
1015 2960 1156 3019 mcumin
1170 2960 1251 3020 vobis
1266 2963 1383 3019 maneat
1398 2963 1429 3018 et
1441 2953 1566 3033 ¹gandium

402 3065 529 3121 vestrum
549 3063 721 3137 impleatur«
746 3068 800 3123 etc.
838 3064 894 3123 Hic
913 3067 1038 3140 primum
1058 3082 1093 3126 ea
1107 3066 1137 3125 in
1152 3068 1319 3125 memoriam
1333 3052 1490 3136 revocavit,
1512 3070 1566 3132 quw

402 3167 575 3241 aprincipio
590 3169 692 3241 capitis
707 3184 725 3227 a
740 3159 855 3228 (ibristo
871 3168 948 3230 dicta
968 3176 1044 3231 sunt.
1079 3171 1151 3232 Item
1172 3188 1229 3247 quo
1250 3172 1345 3231 animo
1367 3170 1498 3230 Christus
1516 3164 1568 3237 ,haet

404 3271 519 3333 dixerit.
556 3274 633 3349 Non,
654 3274 758 3351 inquit,
781 3276 855 3335 sicat
875 3278 930 3352 epo
953 3281 983 3335 et
996 3276 1052 3335 mei
1072 3276 1179 3337 similes
1198 3278 1296 3354 abque
1317 3280 1348 3336 in
1367 3276 1491 3337 mediani
1510 3284 1567 3345 pro·

402 3376 530 3453 ferimus,
554 3380 662 3439 nullam
677 3395 795 3453 operam
809 3380 921 3455 dantes,
946 3386 978 3441 ut
992 3396 1036 3455 ea,
1061 3398 1125 3456 quae
1146 3382 1312 3459 audiuntur,
1336 3382 1375 3443 ad
1395 3396 1447 3443 cor
1465 3374 1568 3441 audien·

402 3484 475 3544 dum
488 3491 651 3560 penetrent,
675 3486 727 3544 sed
741 3484 825 3545 nobis
839 3488 904 3563 plus
919 3489 990 3547 satis
1006 3494 1050 3549 est
1064 3478 1176 3550 tantum
1193 3490 1300 3550 dixisse
1315 3494 1345 3549 et
1358 3496 1495 3562 tauquam
1509 3496 1567 3559 pen·

380 3606 465 3649 «snm
479 3590 627 3652 alsolvisse
641 3596 697 3652 etc.
727 3590 768 3651 At
786 3590 901 3651 domino
920 3598 1021 3653 nostro
1041 3595 1112 3656 Jesu
1133 3594 1248 3656 Christo
1269 3610 1327 3655 non
1347 3590 1537 3653 satisfecisset
1549 3584 1569 3644 si

403 3696 450 3755 vel
463 3696 552 3756 semel
570 3703 622 3757 aut
640 3698 685 3757 bis
704 3697 846 3759 allocutus
864 3698 953 3759 inerit
970 3698 1134 3776 discipulos,
1159 3700 1211 3761 sad
1231 3692 1352 3763 subinde
1372 3696 1475 3759 eadem
1492 3689 1567 3753 rani·

404 3801 485 3862 navit
499 3808 529 3861 et
543 3802 600 3861 illis
613 3780 786 3879 inculcabat,
810 3808 868 3878 quo
884 3806 993 3865 animos
1007 3805 1122 3867 illor'um
1137 3802 1288 3881 emolliret,
1305 3805 1468 3865 attraheret
1482 3804 1510 3860 et
1523 3795 1569 3859 sibi

404 3906 570 3967 devinciret.
601 3907 728 3967 Locutus
743 3913 788 3969 est
801 3914 896 3969 autem
912 3912 954 3970 eis
977 3910 1118 3997 quomodo
1138 3914 1200 3987 ipse
1220 3914 1258 3971 sit
1276 3912 1343 3971 vitis
1361 3926 1441 3984 vera,
1464 3906 1505 3967 illi
1518 3902 1569 3978 pti·

404 4002 487 4070 mites
510 4016 563 4070 etc.
602 4013 677 4071 Item
701 4013 737 4073 de
757 4015 876 4089 palmite
898 4013 1009 4076 ier'ente
1031 4014 1155 4077 fructum
1178 4022 1207 4077 et
1228 4033 1286 4077 non
1307 4014 1433 4088 terente,
1456 4015 1521 4072 item
1539 4006 1569 4065 de

404 4116 554 4190 utriusque
573 4118 697 4191 palmitis
715 4104 847 4192 profectu
867 4127 897 4181 et
916 4124 1085 4198 commodis,
1109 4124 1178 4183 item
1199 4122 1236 4182 de
1255 4122 1381 4197 praemiis
1401 4117 1521 4178 fructum
1533 4109 1568 4170 ie

404 4224 495 4282 rantis
510 4227 540 4282 et
553 4202 678 4299 praemiis
694 4217 850 4300 arescentis
867 4228 1003 4304 palmitis,
1026 4230 1094 4289 item
1118 4227 1154 4287 de
1174 4226 1326 4287 dilectione
1345 4224 1438 4301 patris
1457 4226 1486 4283 in
1500 4217 1569 4279 Obri-

404 4332 479 4387 stum
494 4334 525 4389 et
539 4330 692 4393 dilectione
707 4331 814 4392 Christi
828 4334 859 4392 in
873 4334 960 4409 ipsos,
975 4350 1100 4395 necnon
1117 4333 1153 4393 de
1168 4332 1321 4392 dilectione
1336 4333 1484 4403 reciproca
1497 4322 1569 4387 disti·

404 4436 538 4509 pulcrum
552 4453 622 4512 erga
638 4438 792 4514 domiuum,
817 4444 847 4498 et
868 4456 932 4512 quac
953 4440 1092 4499 utilitates
1113 4423 1195 4499 nobis
1216 4452 1252 4497 ex
1270 4437 1324 4497 bac
1343 4428 1497 4496 dilectione¹
1513 4442 1569 4489 con·

403 4540 532 4615 tigerint,
555 4543 663 4602 scilicet
677 4543 836 4617 redemptio
852 4546 953 4605 salutis
969 4534 1002 4605 et'
1013 4546 1074 4606 vita
1089 4550 1207 4605 aterna.
1238 4539 1354 4602 Monuit
1373 4544 1469 4601 summ
1483 4546 1568 4598 omnes

404 4646 589 4719 magistratus
603 4651 633 4706 et
646 4649 799 4724 principes,
823 4651 1048 4725 concionatores,
1073 4647 1302 4724 patresfamilias,
1326 4650 1514 4723 praeceptores
1529 4638 1570 4697 dc*

333 4774 337 4781 ·
405 4751 492 4823 nique
508 4734 537 4811 et
551 4768 650 4811 omnes
665 4756 714 4828 qui
729 4756 794 4813 aliis
809 4755 961 4830 imperare,
974 4756 1077 4829 iubere
1092 4761 1143 4814 aut
1157 4770 1284 4829 praesse
1299 4753 1413 4825 habent,
1430 4755 1463 4809 ut
1475 4740 1568 4807 ebriati

405 4851 513 4913 domini
533 4858 694 4931 exemplum
715 4860 745 4917 in
765 4859 827 4918 hoo
840 4862 1034 4937 imitarentur,
1057 4866 1103 4936 ut,
1131 4876 1197 4935 qum
1217 4858 1338 4919 subditis
1362 4858 1501 4925 dicerent,
1526 4849 1569 4908 tii
