<?xml version="1.0" encoding="UTF-8"?>
<!DOCTYPE html PUBLIC "-//W3C//DTD XHTML 1.0 Transitional//EN"
    "http://www.w3.org/TR/xhtml1/DTD/xhtml1-transitional.dtd">
<html xmlns="http://www.w3.org/1999/xhtml" xml:lang="en" lang="en">
 <head>
  <title>
</title>
<meta http-equiv="Content-Type" content="text/html;charset=utf-8" />
  <meta name='ocr-system' content='tesseract 3.04.00' />
  <meta name='ocr-capabilities' content='ocr_page ocr_carea ocr_par ocr_line ocrx_word'/>
</head>
<body>
  <div class='ocr_page' id='page_1' title='image "./scherzgedichte01laurgoog_0444.png"; bbox 0 0 3700 5692; ppageno 0'>
   <div class='ocr_carea' id='block_1_1' title="bbox 829 728 889 795">
    <p class='ocr_par' dir='ltr' id='par_1_1' title="bbox 829 728 889 795">
     <span class='ocr_line' id='line_1_1' title="bbox 829 728 889 795; baseline -0.033 0"><span class='ocrx_word' id='word_1_1' title='bbox 829 728 889 795; x_wconf 81' lang='lat' dir='ltr'>tol</span> 
     </span>
    </p>
   </div>
   <div class='ocr_carea' id='block_1_2' title="bbox 284 912 1512 4881">
    <p class='ocr_par' dir='ltr' id='par_1_2' title="bbox 284 912 1512 4881">
     <span class='ocr_line' id='line_1_2' title="bbox 294 912 1447 990; baseline -0.002 -14"><span class='ocrx_word' id='word_1_2' title='bbox 294 932 394 990; x_wconf 89' lang='lat' dir='ltr'>qooqns</span> <span class='ocrx_word' id='word_1_3' title='bbox 402 915 547 975; x_wconf 87' lang='lat' dir='ltr'>historiam</span> <span class='ocrx_word' id='word_1_4' title='bbox 556 912 635 973; x_wconf 88' lang='lat' dir='ltr'>missi</span> <span class='ocrx_word' id='word_1_5' title='bbox 644 912 762 988; x_wconf 89' lang='lat' dir='ltr'>spiritus</span> <span class='ocrx_word' id='word_1_6' title='bbox 776 912 867 972; x_wconf 91' lang='lat' dir='ltr'>sancti</span> <span class='ocrx_word' id='word_1_7' title='bbox 876 912 969 974; x_wconf 90' lang='lat' dir='ltr'>literis</span> <span class='ocrx_word' id='word_1_8' title='bbox 984 912 1139 975; x_wconf 80' lang='lat' dir='ltr'>mandavit.</span> <span class='ocrx_word' id='word_1_9' title='bbox 1157 913 1283 988; x_wconf 82' lang='lat' dir='ltr'>Liquere</span> <span class='ocrx_word' id='word_1_10' title='bbox 1297 921 1392 975; x_wconf 87' lang='lat' dir='ltr'>autem</span> <span class='ocrx_word' id='word_1_11' title='bbox 1405 916 1447 975; x_wconf 90' lang='lat' dir='ltr'>ait</span> 
     </span>
     <span class='ocr_line' id='line_1_3' title="bbox 293 1017 1445 1095; baseline 0.001 -16"><span class='ocrx_word' id='word_1_12' title='bbox 293 1018 666 1095; x_wconf 83' lang='lat' dir='ltr'>erhardonalionespiritus</span> <span class='ocrx_word' id='word_1_13' title='bbox 677 1017 974 1092; x_wconf 85' lang='lat' dir='ltr'>sancti,quamfirmus</span> <span class='ocrx_word' id='word_1_14' title='bbox 985 1024 1014 1079; x_wconf 89' lang='lat' dir='ltr'>et</span> <span class='ocrx_word' id='word_1_15' title='bbox 1024 1020 1144 1079; x_wconf 83' lang='lat' dir='ltr'>exomni</span> <span class='ocrx_word' id='word_1_16' title='bbox 1154 1025 1237 1093; x_wconf 90' lang='lat' dir='ltr'>parte</span> <span class='ocrx_word' id='word_1_17' title='bbox 1247 1020 1445 1081; x_wconf 89' lang='lat' dir='ltr'>sibiconstans</span> 
     </span>
     <span class='ocr_line' id='line_1_4' title="bbox 292 1122 1444 1201; baseline 0.002 -17"><span class='ocrx_word' id='word_1_18' title='bbox 292 1125 453 1185; x_wconf 89' lang='lat' dir='ltr'>sitdominus</span> <span class='ocrx_word' id='word_1_19' title='bbox 460 1129 559 1184; x_wconf 88' lang='lat' dir='ltr'>noster</span> <span class='ocrx_word' id='word_1_20' title='bbox 567 1126 653 1183; x_wconf 81' lang='lat' dir='ltr'>Iesus</span> <span class='ocrx_word' id='word_1_21' title='bbox 666 1122 797 1184; x_wconf 78' lang='lat' dir='ltr'>Christus</span> <span class='ocrx_word' id='word_1_22' title='bbox 810 1125 841 1183; x_wconf 93' lang='lat' dir='ltr'>in</span> <span class='ocrx_word' id='word_1_23' title='bbox 853 1124 1090 1200; x_wconf 77' lang='lat' dir='ltr'>promissionibus</span> <span class='ocrx_word' id='word_1_24' title='bbox 1106 1125 1178 1198; x_wconf 88' lang='lat' dir='ltr'>suis,</span> <span class='ocrx_word' id='word_1_25' title='bbox 1204 1126 1301 1199; x_wconf 91' lang='lat' dir='ltr'>utique</span> <span class='ocrx_word' id='word_1_26' title='bbox 1323 1127 1372 1201; x_wconf 92' lang='lat' dir='ltr'>qui</span> <span class='ocrx_word' id='word_1_27' title='bbox 1383 1126 1444 1200; x_wconf 90' lang='lat' dir='ltr'>jam</span> 
     </span>
     <span class='ocr_line' id='line_1_5' title="bbox 291 1230 1443 1306; baseline -0.001 -16"><span class='ocrx_word' id='word_1_28' title='bbox 291 1231 323 1290; x_wconf 87' lang='lat' dir='ltr'>ad</span> <span class='ocrx_word' id='word_1_29' title='bbox 336 1231 460 1291; x_wconf 79' lang='lat' dir='ltr'>dextram</span> <span class='ocrx_word' id='word_1_30' title='bbox 474 1230 531 1291; x_wconf 89' lang='lat' dir='ltr'>Dei</span> <span class='ocrx_word' id='word_1_31' title='bbox 551 1230 642 1305; x_wconf 86' lang='lat' dir='ltr'>patris</span> <span class='ocrx_word' id='word_1_32' title='bbox 662 1230 766 1289; x_wconf 87' lang='lat' dir='ltr'>sedens</span> <span class='ocrx_word' id='word_1_33' title='bbox 785 1236 881 1290; x_wconf 88' lang='lat' dir='ltr'>tamen</span> <span class='ocrx_word' id='word_1_34' title='bbox 896 1230 1067 1303; x_wconf 90' lang='lat' dir='ltr'>promissum</span> <span class='ocrx_word' id='word_1_35' title='bbox 1086 1231 1172 1289; x_wconf 90' lang='lat' dir='ltr'>toties</span> <span class='ocrx_word' id='word_1_36' title='bbox 1186 1232 1364 1306; x_wconf 87' lang='lat' dir='ltr'>paracletum</span> <span class='ocrx_word' id='word_1_37' title='bbox 1378 1232 1443 1289; x_wconf 92' lang='lat' dir='ltr'>mit-</span> 
     </span>
     <span class='ocr_line' id='line_1_6' title="bbox 291 1334 1445 1410; baseline 0 -15"><span class='ocrx_word' id='word_1_38' title='bbox 291 1342 346 1395; x_wconf 89' lang='lat' dir='ltr'>tere</span> <span class='ocrx_word' id='word_1_39' title='bbox 358 1352 414 1395; x_wconf 89' lang='lat' dir='ltr'>non</span> <span class='ocrx_word' id='word_1_40' title='bbox 428 1335 601 1410; x_wconf 80' lang='lat' dir='ltr'>neglexerit,</span> <span class='ocrx_word' id='word_1_41' title='bbox 624 1334 753 1408; x_wconf 81' lang='lat' dir='ltr'>allegans</span> <span class='ocrx_word' id='word_1_42' title='bbox 774 1335 880 1394; x_wconf 91' lang='lat' dir='ltr'>multos</span> <span class='ocrx_word' id='word_1_43' title='bbox 898 1335 977 1394; x_wconf 87' lang='lat' dir='ltr'>locos</span> <span class='ocrx_word' id='word_1_44' title='bbox 997 1350 1032 1393; x_wconf 83' lang='lat' dir='ltr'>ex</span> <span class='ocrx_word' id='word_1_45' title='bbox 1046 1334 1238 1409; x_wconf 79' lang='lat' dir='ltr'>EuangeIIstis</span> <span class='ocrx_word' id='word_1_46' title='bbox 1255 1336 1290 1396; x_wconf 87' lang='lat' dir='ltr'>de</span> <span class='ocrx_word' id='word_1_47' title='bbox 1305 1338 1445 1410; x_wconf 86' lang='lat' dir='ltr'>promisso</span> 
     </span>
     <span class='ocr_line' id='line_1_7' title="bbox 293 1440 1445 1515; baseline 0.002 -16"><span class='ocrx_word' id='word_1_48' title='bbox 293 1440 318 1499; x_wconf 85' lang='lat' dir='ltr'>S.</span> <span class='ocrx_word' id='word_1_49' title='bbox 332 1440 437 1515; x_wconf 82' lang='lat' dir='ltr'>spiritu.</span> <span class='ocrx_word' id='word_1_50' title='bbox 472 1440 546 1500; x_wconf 84' lang='lat' dir='ltr'>Item</span> <span class='ocrx_word' id='word_1_51' title='bbox 568 1445 677 1513; x_wconf 90' lang='lat' dir='ltr'>quanta</span> <span class='ocrx_word' id='word_1_52' title='bbox 690 1441 803 1499; x_wconf 78' lang='lat' dir='ltr'>sanitas</span> <span class='ocrx_word' id='word_1_53' title='bbox 822 1440 860 1498; x_wconf 88' lang='lat' dir='ltr'>eit</span> <span class='ocrx_word' id='word_1_54' title='bbox 873 1440 1094 1514; x_wconf 77' lang='lat' dir='ltr'>promissionum</span> <span class='ocrx_word' id='word_1_55' title='bbox 1107 1440 1302 1499; x_wconf 88' lang='lat' dir='ltr'>humanarum</span> <span class='ocrx_word' id='word_1_56' title='bbox 1317 1449 1346 1502; x_wconf 88' lang='lat' dir='ltr'>et</span> <span class='ocrx_word' id='word_1_57' title='bbox 1361 1458 1445 1515; x_wconf 89' lang='lat' dir='ltr'>quam</span> 
     </span>
     <span class='ocr_line' id='line_1_8' title="bbox 290 1543 1443 1621; baseline 0.003 -17"><span class='ocrx_word' id='word_1_58' title='bbox 290 1545 409 1618; x_wconf 83' lang='lat' dir='ltr'>proclivia</span> <span class='ocrx_word' id='word_1_59' title='bbox 423 1543 626 1606; x_wconf 87' lang='lat' dir='ltr'>beneficiorum</span> <span class='ocrx_word' id='word_1_60' title='bbox 641 1544 757 1619; x_wconf 84' lang='lat' dir='ltr'>oblivio,</span> <span class='ocrx_word' id='word_1_61' title='bbox 781 1544 924 1605; x_wconf 85' lang='lat' dir='ltr'>adducam</span> <span class='ocrx_word' id='word_1_62' title='bbox 945 1545 1104 1620; x_wconf 79' lang='lat' dir='ltr'>exemplum</span> <span class='ocrx_word' id='word_1_63' title='bbox 1118 1546 1261 1620; x_wconf 74' lang='lat' dir='ltr'>pincernae</span> <span class='ocrx_word' id='word_1_64' title='bbox 1277 1546 1353 1621; x_wconf 80' lang='lat' dir='ltr'>regis</span> <span class='ocrx_word' id='word_1_65' title='bbox 1368 1548 1443 1607; x_wconf 91' lang='lat' dir='ltr'>Pha-</span> 
     </span>
     <span class='ocr_line' id='line_1_9' title="bbox 290 1649 1445 1726; baseline 0.003 -18"><span class='ocrx_word' id='word_1_66' title='bbox 290 1651 374 1709; x_wconf 88' lang='lat' dir='ltr'>raonis</span> <span class='ocrx_word' id='word_1_67' title='bbox 388 1667 456 1725; x_wconf 80' lang='lat' dir='ltr'>erga</span> <span class='ocrx_word' id='word_1_68' title='bbox 470 1651 579 1725; x_wconf 77' lang='lat' dir='ltr'>loseph</span> <span class='ocrx_word' id='word_1_69' title='bbox 594 1652 669 1711; x_wconf 88' lang='lat' dir='ltr'>libro</span> <span class='ocrx_word' id='word_1_70' title='bbox 684 1667 781 1726; x_wconf 77' lang='lat' dir='ltr'>genes.</span> <span class='ocrx_word' id='word_1_71' title='bbox 806 1649 876 1726; x_wconf 82' lang='lat' dir='ltr'>Gap.</span> <span class='ocrx_word' id='word_1_72' title='bbox 894 1654 946 1708; x_wconf 86' lang='grc'>41.</span> <span class='ocrx_word' id='word_1_73' title='bbox 975 1650 1048 1709; x_wconf 87' lang='lat' dir='ltr'>Item</span> <span class='ocrx_word' id='word_1_74' title='bbox 1063 1650 1140 1723; x_wconf 91' lang='lat' dir='ltr'>quod</span> <span class='ocrx_word' id='word_1_75' title='bbox 1155 1652 1271 1724; x_wconf 82' lang='lat' dir='ltr'>sptritus</span> <span class='ocrx_word' id='word_1_76' title='bbox 1286 1658 1400 1712; x_wconf 88' lang='lat' dir='ltr'>sanctus</span> <span class='ocrx_word' id='word_1_77' title='bbox 1414 1654 1445 1712; x_wconf 92' lang='lat' dir='ltr'>in</span> 
     </span>
     <span class='ocr_line' id='line_1_10' title="bbox 291 1754 1445 1830; baseline 0.003 -17"><span class='ocrx_word' id='word_1_78' title='bbox 291 1754 428 1815; x_wconf 74' lang='lat' dir='ltr'>didnitate</span> <span class='ocrx_word' id='word_1_79' title='bbox 442 1757 563 1830; x_wconf 87' lang='lat' dir='ltr'>aequalis</span> <span class='ocrx_word' id='word_1_80' title='bbox 578 1771 641 1814; x_wconf 92' lang='lat' dir='ltr'>cum</span> <span class='ocrx_word' id='word_1_81' title='bbox 654 1761 740 1830; x_wconf 87' lang='lat' dir='ltr'>patre</span> <span class='ocrx_word' id='word_1_82' title='bbox 755 1761 786 1815; x_wconf 91' lang='lat' dir='ltr'>ct</span> <span class='ocrx_word' id='word_1_83' title='bbox 798 1754 857 1815; x_wconf 85' lang='lat' dir='ltr'>lilio</span> <span class='ocrx_word' id='word_1_84' title='bbox 872 1756 918 1829; x_wconf 90' lang='lat' dir='ltr'>sit,</span> <span class='ocrx_word' id='word_1_85' title='bbox 941 1757 988 1815; x_wconf 86' lang='lat' dir='ltr'>hio</span> <span class='ocrx_word' id='word_1_86' title='bbox 1008 1772 1123 1830; x_wconf 90' lang='lat' dir='ltr'>qnoque</span> <span class='ocrx_word' id='word_1_87' title='bbox 1137 1758 1339 1817; x_wconf 89' lang='lat' dir='ltr'>nonnullorum</span> <span class='ocrx_word' id='word_1_88' title='bbox 1354 1758 1445 1817; x_wconf 76' lang='lat' dir='ltr'>haare-</span> 
     </span>
     <span class='ocr_line' id='line_1_11' title="bbox 290 1859 1446 1937; baseline 0.004 -19"><span class='ocrx_word' id='word_1_89' title='bbox 290 1859 396 1919; x_wconf 87' lang='lat' dir='ltr'>ticornm</span> <span class='ocrx_word' id='word_1_90' title='bbox 411 1876 540 1920; x_wconf 87' lang='lat' dir='ltr'>errorem</span> <span class='ocrx_word' id='word_1_91' title='bbox 555 1862 722 1936; x_wconf 88' lang='lat' dir='ltr'>corripiens.</span> <span class='ocrx_word' id='word_1_92' title='bbox 755 1862 828 1921; x_wconf 88' lang='lat' dir='ltr'>Item</span> <span class='ocrx_word' id='word_1_93' title='bbox 843 1860 920 1934; x_wconf 91' lang='lat' dir='ltr'>qnod</span> <span class='ocrx_word' id='word_1_94' title='bbox 940 1860 1083 1920; x_wconf 87' lang='lat' dir='ltr'>interdum</span> <span class='ocrx_word' id='word_1_95' title='bbox 1098 1861 1204 1921; x_wconf 90' lang='lat' dir='ltr'>donum</span> <span class='ocrx_word' id='word_1_96' title='bbox 1223 1864 1341 1937; x_wconf 89' lang='lat' dir='ltr'>spiritns</span> <span class='ocrx_word' id='word_1_97' title='bbox 1356 1864 1446 1923; x_wconf 89' lang='lat' dir='ltr'>saneti</span> 
     </span>
     <span class='ocr_line' id='line_1_12' title="bbox 289 1964 1444 2041; baseline 0.004 -19"><span class='ocrx_word' id='word_1_98' title='bbox 289 1979 335 2037; x_wconf 90' lang='lat' dir='ltr'>pro</span> <span class='ocrx_word' id='word_1_99' title='bbox 346 1964 407 2039; x_wconf 92' lang='lat' dir='ltr'>ipso</span> <span class='ocrx_word' id='word_1_100' title='bbox 421 1964 529 2040; x_wconf 84' lang='lat' dir='ltr'>spiritu</span> <span class='ocrx_word' id='word_1_101' title='bbox 543 1965 711 2039; x_wconf 75' lang='lat' dir='ltr'>accipietne.</span> <span class='ocrx_word' id='word_1_102' title='bbox 749 1966 823 2023; x_wconf 87' lang='lat' dir='ltr'>Item</span> <span class='ocrx_word' id='word_1_103' title='bbox 846 1964 917 2038; x_wconf 93' lang='lat' dir='ltr'>quid</span> <span class='ocrx_word' id='word_1_104' title='bbox 941 1965 996 2024; x_wconf 89' lang='lat' dir='ltr'>sihi</span> <span class='ocrx_word' id='word_1_105' title='bbox 1014 1966 1083 2025; x_wconf 86' lang='lat' dir='ltr'>velit</span> <span class='ocrx_word' id='word_1_106' title='bbox 1098 1968 1281 2041; x_wconf 81' lang='lat' dir='ltr'>evangelista,</span> <span class='ocrx_word' id='word_1_107' title='bbox 1311 1984 1374 2027; x_wconf 87' lang='lat' dir='ltr'>cum</span> <span class='ocrx_word' id='word_1_108' title='bbox 1389 1970 1444 2028; x_wconf 91' lang='lat' dir='ltr'>ait:</span> 
     </span>
     <span class='ocr_line' id='line_1_13' title="bbox 288 2067 1443 2144; baseline 0.004 -18"><span class='ocrx_word' id='word_1_109' title='bbox 288 2068 322 2127; x_wconf 83' lang='lat' dir='ltr'>Et</span> <span class='ocrx_word' id='word_1_110' title='bbox 333 2067 421 2128; x_wconf 83' lang='lat' dir='ltr'>lactus</span> <span class='ocrx_word' id='word_1_111' title='bbox 443 2075 489 2129; x_wconf 91' lang='lat' dir='ltr'>cst</span> <span class='ocrx_word' id='word_1_112' title='bbox 507 2075 627 2144; x_wconf 89' lang='lat' dir='ltr'>repente</span> <span class='ocrx_word' id='word_1_113' title='bbox 647 2085 733 2129; x_wconf 87' lang='lat' dir='ltr'>sonus</span> <span class='ocrx_word' id='word_1_114' title='bbox 754 2070 828 2128; x_wconf 87' lang='lat' dir='ltr'>sicut</span> <span class='ocrx_word' id='word_1_115' title='bbox 840 2070 919 2128; x_wconf 79' lang='lat' dir='ltr'>uenti</span> <span class='ocrx_word' id='word_1_116' title='bbox 941 2067 1129 2143; x_wconf 82' lang='lat' dir='ltr'>vehementis;</span> <span class='ocrx_word' id='word_1_117' title='bbox 1154 2075 1183 2129; x_wconf 91' lang='lat' dir='ltr'>et</span> <span class='ocrx_word' id='word_1_118' title='bbox 1198 2086 1282 2144; x_wconf 90' lang='lat' dir='ltr'>quam</span> <span class='ocrx_word' id='word_1_119' title='bbox 1296 2071 1343 2130; x_wconf 88' lang='lat' dir='ltr'>hic</span> <span class='ocrx_word' id='word_1_120' title='bbox 1358 2080 1443 2132; x_wconf 85' lang='lat' dir='ltr'>esan-</span> 
     </span>
     <span class='ocr_line' id='line_1_14' title="bbox 289 2173 1512 2249; baseline 0.003 -17"><span class='ocrx_word' id='word_1_121' title='bbox 289 2173 383 2245; x_wconf 76' lang='lat' dir='ltr'>qeliros</span> <span class='ocrx_word' id='word_1_122' title='bbox 406 2190 495 2233; x_wconf 88' lang='lat' dir='ltr'>sonus</span> <span class='ocrx_word' id='word_1_123' title='bbox 513 2175 620 2249; x_wconf 82' lang='lat' dir='ltr'>passim</span> <span class='ocrx_word' id='word_1_124' title='bbox 638 2176 737 2235; x_wconf 90' lang='lat' dir='ltr'>orbem</span> <span class='ocrx_word' id='word_1_125' title='bbox 756 2180 901 2234; x_wconf 85' lang='lat' dir='ltr'>terrarum</span> <span class='ocrx_word' id='word_1_126' title='bbox 917 2176 1113 2249; x_wconf 85' lang='lat' dir='ltr'>commoverit,</span> <span class='ocrx_word' id='word_1_127' title='bbox 1136 2177 1314 2249; x_wconf 81' lang='lat' dir='ltr'>potissImnm</span> <span class='ocrx_word' id='word_1_128' title='bbox 1328 2178 1358 2236; x_wconf 90' lang='lat' dir='ltr'>in</span> <span class='ocrx_word' id='word_1_129' title='bbox 1374 2176 1445 2237; x_wconf 85' lang='lat' dir='ltr'>Ger·</span> <span class='ocrx_word' id='word_1_130' title='bbox 1510 2224 1512 2229; x_wconf 94' lang='lat'><em>.</em></span> 
     </span>
     <span class='ocr_line' id='line_1_15' title="bbox 288 2278 1443 2357; baseline 0.005 -22"><span class='ocrx_word' id='word_1_131' title='bbox 288 2278 383 2354; x_wconf 84' lang='lat' dir='ltr'>nanis,</span> <span class='ocrx_word' id='word_1_132' title='bbox 405 2280 437 2339; x_wconf 86' lang='lat' dir='ltr'>ln</span> <span class='ocrx_word' id='word_1_133' title='bbox 460 2296 520 2354; x_wconf 89' lang='lat' dir='ltr'>qua</span> <span class='ocrx_word' id='word_1_134' title='bbox 541 2278 587 2338; x_wconf 86' lang='lat' dir='ltr'>his</span> <span class='ocrx_word' id='word_1_135' title='bbox 607 2281 785 2356; x_wconf 82' lang='lat' dir='ltr'>temporibus</span> <span class='ocrx_word' id='word_1_136' title='bbox 809 2280 940 2354; x_wconf 81' lang='lat' dir='ltr'>pessimis</span> <span class='ocrx_word' id='word_1_137' title='bbox 959 2280 1147 2353; x_wconf 79' lang='lat' dir='ltr'>Evangelium</span> <span class='ocrx_word' id='word_1_138' title='bbox 1169 2280 1322 2356; x_wconf 86' lang='lat' dir='ltr'>praedicari</span> <span class='ocrx_word' id='word_1_139' title='bbox 1347 2284 1443 2357; x_wconf 78' lang='lat' dir='ltr'>cepis.</span> 
     </span>
     <span class='ocr_line' id='line_1_16' title="bbox 288 2379 1445 2461; baseline 0.008 -22"><span class='ocrx_word' id='word_1_140' title='bbox 288 2382 349 2441; x_wconf 84' lang='lat' dir='ltr'>Item</span> <span class='ocrx_word' id='word_1_141' title='bbox 372 2383 447 2458; x_wconf 92' lang='lat' dir='ltr'>qnod</span> <span class='ocrx_word' id='word_1_142' title='bbox 477 2385 594 2460; x_wconf 76' lang='lat' dir='ltr'>eph-ltus</span> <span class='ocrx_word' id='word_1_143' title='bbox 622 2386 668 2444; x_wconf 91' lang='lat' dir='ltr'>hic</span> <span class='ocrx_word' id='word_1_144' title='bbox 693 2379 751 2445; x_wconf 85' lang='lat' dir='ltr'>non</span> <span class='ocrx_word' id='word_1_145' title='bbox 776 2386 864 2444; x_wconf 90' lang='lat' dir='ltr'>Petro</span> <span class='ocrx_word' id='word_1_146' title='bbox 888 2385 944 2444; x_wconf 91' lang='lat' dir='ltr'>soli</span> <span class='ocrx_word' id='word_1_147' title='bbox 966 2384 1050 2444; x_wconf 87' lang='lat' dir='ltr'>datus</span> <span class='ocrx_word' id='word_1_148' title='bbox 1081 2385 1133 2459; x_wconf 92' lang='lat' dir='ltr'>sit,</span> <span class='ocrx_word' id='word_1_149' title='bbox 1172 2385 1224 2444; x_wconf 89' lang='lat' dir='ltr'>sed</span> <span class='ocrx_word' id='word_1_150' title='bbox 1246 2386 1337 2461; x_wconf 91' lang='lat' dir='ltr'>qnod,</span> <span class='ocrx_word' id='word_1_151' title='bbox 1370 2390 1445 2448; x_wconf 89' lang='lat' dir='ltr'>sicut</span> 
     </span>
     <span class='ocr_line' id='line_1_17' title="bbox 288 2486 1441 2565; baseline 0.006 -20"><span class='ocrx_word' id='word_1_152' title='bbox 288 2486 461 2563; x_wconf 77' lang='lat' dir='ltr'>Evangelista</span> <span class='ocrx_word' id='word_1_153' title='bbox 475 2489 593 2563; x_wconf 87' lang='lat' dir='ltr'>indicat,</span> <span class='ocrx_word' id='word_1_154' title='bbox 610 2507 697 2565; x_wconf 88' lang='lat' dir='ltr'>super</span> <span class='ocrx_word' id='word_1_155' title='bbox 717 2506 815 2549; x_wconf 91' lang='lat' dir='ltr'>omnes</span> <span class='ocrx_word' id='word_1_156' title='bbox 838 2490 964 2565; x_wconf 77' lang='lat' dir='ltr'>rquuos</span> <span class='ocrx_word' id='word_1_157' title='bbox 986 2490 1092 2563; x_wconf 80' lang='lat' dir='ltr'>linguae</span> <span class='ocrx_word' id='word_1_158' title='bbox 1108 2491 1266 2565; x_wconf 81' lang='lat' dir='ltr'>dispartitas</span> <span class='ocrx_word' id='word_1_159' title='bbox 1281 2492 1349 2550; x_wconf 86' lang='lat' dir='ltr'>visae</span> <span class='ocrx_word' id='word_1_160' title='bbox 1365 2498 1441 2552; x_wconf 91' lang='lat' dir='ltr'>sunt.</span> 
     </span>
     <span class='ocr_line' id='line_1_18' title="bbox 288 2592 1443 2673; baseline 0.003 -19"><span class='ocrx_word' id='word_1_161' title='bbox 288 2592 422 2655; x_wconf 77' lang='lat' dir='ltr'>Preterea</span> <span class='ocrx_word' id='word_1_162' title='bbox 435 2597 527 2655; x_wconf 89' lang='lat' dir='ltr'>multa</span> <span class='ocrx_word' id='word_1_163' title='bbox 542 2596 732 2656; x_wconf 82' lang='lat' dir='ltr'>observabilis</span> <span class='ocrx_word' id='word_1_164' title='bbox 744 2596 908 2669; x_wconf 83' lang='lat' dir='ltr'>Musonius,</span> <span class='ocrx_word' id='word_1_165' title='bbox 932 2595 1063 2654; x_wconf 86' lang='lat' dir='ltr'>nucleum</span> <span class='ocrx_word' id='word_1_166' title='bbox 1080 2598 1217 2656; x_wconf 76' lang='lat' dir='ltr'>cecutire</span> <span class='ocrx_word' id='word_1_167' title='bbox 1237 2598 1443 2673; x_wconf 82' lang='lat' dir='ltr'>scripturarum</span> 
     </span>
     <span class='ocr_line' id='line_1_19' title="bbox 288 2678 1445 2777; baseline 0.003 -20"><span class='ocrx_word' id='word_1_168' title='bbox 288 2678 389 2777; x_wconf 78' lang='lat' dir='ltr'>eruens,</span> <span class='ocrx_word' id='word_1_169' title='bbox 405 2701 512 2762; x_wconf 81' lang='lat' dir='ltr'>docuit</span> <span class='ocrx_word' id='word_1_170' title='bbox 549 2702 659 2761; x_wconf 82' lang='lat' dir='ltr'>Verum</span> <span class='ocrx_word' id='word_1_171' title='bbox 673 2702 710 2762; x_wconf 90' lang='lat' dir='ltr'>ob</span> <span class='ocrx_word' id='word_1_172' title='bbox 725 2701 862 2776; x_wconf 87' lang='lat' dir='ltr'>temporis</span> <span class='ocrx_word' id='word_1_173' title='bbox 884 2702 1034 2774; x_wconf 85' lang='lat' dir='ltr'>penuriam</span> <span class='ocrx_word' id='word_1_174' title='bbox 1050 2705 1079 2759; x_wconf 88' lang='lat' dir='ltr'>et</span> <span class='ocrx_word' id='word_1_175' title='bbox 1094 2716 1242 2761; x_wconf 88' lang='lat' dir='ltr'>numerum</span> <span class='ocrx_word' id='word_1_176' title='bbox 1257 2704 1445 2777; x_wconf 88' lang='lat' dir='ltr'>copiosiorem</span> 
     </span>
     <span class='ocr_line' id='line_1_20' title="bbox 289 2794 1442 2882; baseline 0.002 -17"><span class='ocrx_word' id='word_1_177' title='bbox 289 2820 367 2882; x_wconf 77' lang='lat' dir='ltr'>mom,</span> <span class='ocrx_word' id='word_1_178' title='bbox 383 2810 431 2882; x_wconf 92' lang='lat' dir='ltr'>qui</span> <span class='ocrx_word' id='word_1_179' title='bbox 446 2808 485 2868; x_wconf 92' lang='lat' dir='ltr'>ad</span> <span class='ocrx_word' id='word_1_180' title='bbox 500 2822 611 2866; x_wconf 88' lang='lat' dir='ltr'>sacram</span> <span class='ocrx_word' id='word_1_181' title='bbox 632 2807 753 2879; x_wconf 84' lang='lat' dir='ltr'>synaxin</span> <span class='ocrx_word' id='word_1_182' title='bbox 775 2806 917 2865; x_wconf 88' lang='lat' dir='ltr'>accessuri</span> <span class='ocrx_word' id='word_1_183' title='bbox 933 2809 1029 2880; x_wconf 85' lang='lat' dir='ltr'>erant,</span> <span class='ocrx_word' id='word_1_184' title='bbox 1053 2822 1145 2865; x_wconf 90' lang='lat' dir='ltr'>sermo</span> <span class='ocrx_word' id='word_1_185' title='bbox 1170 2804 1355 2867; x_wconf 81' lang='lat' dir='ltr'>defalcandus</span> <span class='ocrx_word' id='word_1_186' title='bbox 1371 2794 1442 2867; x_wconf 87' lang='lat' dir='ltr'>crat.</span> 
     </span>
     <span class='ocr_line' id='line_1_21' title="bbox 288 2908 1444 2985; baseline 0.003 -18"><span class='ocrx_word' id='word_1_187' title='bbox 288 2908 446 2973; x_wconf 84' lang='lat' dir='ltr'>hmncionc</span> <span class='ocrx_word' id='word_1_188' title='bbox 461 2928 532 2971; x_wconf 88' lang='lat' dir='ltr'>vero</span> <span class='ocrx_word' id='word_1_189' title='bbox 547 2911 576 2971; x_wconf 83' lang='lat' dir='ltr'>d.</span> <span class='ocrx_word' id='word_1_190' title='bbox 586 2910 734 2971; x_wconf 83' lang='lat' dir='ltr'>Musonius</span> <span class='ocrx_word' id='word_1_191' title='bbox 748 2910 969 2984; x_wconf 85' lang='lat' dir='ltr'>pulcherrimam</span> <span class='ocrx_word' id='word_1_192' title='bbox 985 2916 1014 2970; x_wconf 91' lang='lat' dir='ltr'>et</span> <span class='ocrx_word' id='word_1_193' title='bbox 1027 2911 1183 2971; x_wconf 87' lang='lat' dir='ltr'>christiano</span> <span class='ocrx_word' id='word_1_194' title='bbox 1199 2912 1314 2971; x_wconf 86' lang='lat' dir='ltr'>doctore</span> <span class='ocrx_word' id='word_1_195' title='bbox 1330 2912 1444 2985; x_wconf 78' lang='lat' dir='ltr'>dignam</span> 
     </span>
     <span class='ocr_line' id='line_1_22' title="bbox 288 3014 1445 3090; baseline 0.003 -17"><span class='ocrx_word' id='word_1_196' title='bbox 288 3014 318 3073; x_wconf 86' lang='lat' dir='ltr'>ad</span> <span class='ocrx_word' id='word_1_197' title='bbox 332 3016 419 3078; x_wconf 88' lang='lat' dir='ltr'>altare</span> <span class='ocrx_word' id='word_1_198' title='bbox 440 3034 540 3080; x_wconf 85' lang='lat' dir='ltr'>eoram</span> <span class='ocrx_word' id='word_1_199' title='bbox 550 3015 800 3077; x_wconf 84' lang='lat' dir='ltr'>communicandis</span> <span class='ocrx_word' id='word_1_200' title='bbox 821 3017 983 3090; x_wconf 81' lang='lat' dir='ltr'>paraclesin</span> <span class='ocrx_word' id='word_1_201' title='bbox 1001 3017 1032 3075; x_wconf 91' lang='lat' dir='ltr'>in</span> <span class='ocrx_word' id='word_1_202' title='bbox 1046 3015 1188 3077; x_wconf 90' lang='lat' dir='ltr'>monendo</span> <span class='ocrx_word' id='word_1_203' title='bbox 1202 3017 1312 3078; x_wconf 91' lang='lat' dir='ltr'>habuit.</span> <span class='ocrx_word' id='word_1_204' title='bbox 1350 3016 1445 3077; x_wconf 89' lang='lat' dir='ltr'>Multa</span> 
     </span>
     <span class='ocr_line' id='line_1_23' title="bbox 289 3120 1445 3197; baseline 0.002 -19"><span class='ocrx_word' id='word_1_205' title='bbox 289 3120 318 3179; x_wconf 90' lang='lat' dir='ltr'>de</span> <span class='ocrx_word' id='word_1_206' title='bbox 331 3123 411 3197; x_wconf 88' lang='lat' dir='ltr'>hujus</span> <span class='ocrx_word' id='word_1_207' title='bbox 426 3124 603 3183; x_wconf 89' lang='lat' dir='ltr'>sacrosancti</span> <span class='ocrx_word' id='word_1_208' title='bbox 617 3120 745 3196; x_wconf 83' lang='lat' dir='ltr'>mysterii</span> <span class='ocrx_word' id='word_1_209' title='bbox 759 3126 788 3179; x_wconf 89' lang='lat' dir='ltr'>et</span> <span class='ocrx_word' id='word_1_210' title='bbox 800 3136 889 3179; x_wconf 82' lang='lat' dir='ltr'>coenae</span> <span class='ocrx_word' id='word_1_211' title='bbox 904 3120 1052 3179; x_wconf 82' lang='lat' dir='ltr'>dominicae</span> <span class='ocrx_word' id='word_1_212' title='bbox 1068 3122 1247 3181; x_wconf 83' lang='lat' dir='ltr'>Institutione</span> <span class='ocrx_word' id='word_1_213' title='bbox 1263 3124 1297 3181; x_wconf 91' lang='lat' dir='ltr'>de</span> <span class='ocrx_word' id='word_1_214' title='bbox 1313 3123 1375 3197; x_wconf 89' lang='lat' dir='ltr'>ejus</span> <span class='ocrx_word' id='word_1_215' title='bbox 1390 3138 1445 3181; x_wconf 92' lang='lat' dir='ltr'>usn</span> 
     </span>
     <span class='ocr_line' id='line_1_24' title="bbox 288 3222 1445 3304; baseline 0 -18"><span class='ocrx_word' id='word_1_216' title='bbox 288 3242 317 3286; x_wconf 87' lang='lat' dir='ltr'>ac</span> <span class='ocrx_word' id='word_1_217' title='bbox 328 3228 364 3288; x_wconf 94' lang='lat' dir='ltr'>ad</span> <span class='ocrx_word' id='word_1_218' title='bbox 377 3229 449 3289; x_wconf 88' lang='lat' dir='ltr'>hanc</span> <span class='ocrx_word' id='word_1_219' title='bbox 464 3228 680 3304; x_wconf 87' lang='lat' dir='ltr'>percipiendam</span> <span class='ocrx_word' id='word_1_220' title='bbox 695 3240 758 3285; x_wconf 87' lang='lat' dir='ltr'>cnm</span> <span class='ocrx_word' id='word_1_221' title='bbox 772 3222 867 3283; x_wconf 88' lang='lat' dir='ltr'>lructu</span> <span class='ocrx_word' id='word_1_222' title='bbox 881 3225 1093 3299; x_wconf 88' lang='lat' dir='ltr'>praeparatione</span> <span class='ocrx_word' id='word_1_223' title='bbox 1111 3226 1264 3286; x_wconf 89' lang='lat' dir='ltr'>disserens.</span> <span class='ocrx_word' id='word_1_224' title='bbox 1308 3228 1445 3302; x_wconf 90' lang='lat' dir='ltr'>Inquiens</span> 
     </span>
     <span class='ocr_line' id='line_1_25' title="bbox 287 3328 1443 3410; baseline 0 -21"><span class='ocrx_word' id='word_1_225' title='bbox 287 3331 354 3391; x_wconf 87' lang='lat' dir='ltr'>inter</span> <span class='ocrx_word' id='word_1_226' title='bbox 367 3339 487 3394; x_wconf 69' lang='lat' dir='ltr'>caemra:</span> <span class='ocrx_word' id='word_1_227' title='bbox 524 3333 685 3392; x_wconf 68' lang='lat' dir='ltr'>avocamus</span> <span class='ocrx_word' id='word_1_228' title='bbox 701 3335 731 3389; x_wconf 89' lang='lat' dir='ltr'>et</span> <span class='ocrx_word' id='word_1_229' title='bbox 744 3328 941 3389; x_wconf 81' lang='lat' dir='ltr'>Interdicimus</span> <span class='ocrx_word' id='word_1_230' title='bbox 961 3328 1014 3389; x_wconf 91' lang='lat' dir='ltr'>sibi</span> <span class='ocrx_word' id='word_1_231' title='bbox 1035 3344 1138 3387; x_wconf 83' lang='lat' dir='ltr'>cavere</span> <span class='ocrx_word' id='word_1_232' title='bbox 1152 3330 1188 3389; x_wconf 90' lang='lat' dir='ltr'>ab</span> <span class='ocrx_word' id='word_1_233' title='bbox 1203 3328 1257 3388; x_wconf 89' lang='lat' dir='ltr'>hac</span> <span class='ocrx_word' id='word_1_234' title='bbox 1272 3347 1370 3389; x_wconf 90' lang='lat' dir='ltr'>mensa</span> <span class='ocrx_word' id='word_1_235' title='bbox 1384 3348 1443 3410; x_wconf 86' lang='lat' dir='ltr'>om·</span> 
     </span>
     <span class='ocr_line' id='line_1_26' title="bbox 288 3424 1443 3513; baseline 0 -20"><span class='ocrx_word' id='word_1_236' title='bbox 288 3452 344 3513; x_wconf 89' lang='lat' dir='ltr'>nes,</span> <span class='ocrx_word' id='word_1_237' title='bbox 359 3442 501 3513; x_wconf 86' lang='lat' dir='ltr'>quotquot</span> <span class='ocrx_word' id='word_1_238' title='bbox 515 3437 543 3497; x_wconf 93' lang='lat' dir='ltr'>d.</span> <span class='ocrx_word' id='word_1_239' title='bbox 559 3438 668 3497; x_wconf 88' lang='lat' dir='ltr'>Paulus</span> <span class='ocrx_word' id='word_1_240' title='bbox 682 3436 720 3495; x_wconf 91' lang='lat' dir='ltr'>ab</span> <span class='ocrx_word' id='word_1_241' title='bbox 734 3435 789 3494; x_wconf 91' lang='lat' dir='ltr'>hac</span> <span class='ocrx_word' id='word_1_242' title='bbox 806 3435 900 3493; x_wconf 86' lang='lat' dir='ltr'>areeri</span> <span class='ocrx_word' id='word_1_243' title='bbox 910 3434 1010 3508; x_wconf 89' lang='lat' dir='ltr'>jussit,</span> <span class='ocrx_word' id='word_1_244' title='bbox 1027 3433 1159 3492; x_wconf 78' lang='lat' dir='ltr'>simirum</span> <span class='ocrx_word' id='word_1_245' title='bbox 1179 3440 1368 3509; x_wconf 80' lang='lat' dir='ltr'>scortatores,</span> <span class='ocrx_word' id='word_1_246' title='bbox 1388 3424 1443 3495; x_wconf 66' lang='lat' dir='ltr'>vad·</span> 
     </span>
     <span class='ocr_line' id='line_1_27' title="bbox 287 3538 1444 3623; baseline -0.001 -23"><span class='ocrx_word' id='word_1_247' title='bbox 287 3541 400 3618; x_wconf 81' lang='lat' dir='ltr'>ulteros,</span> <span class='ocrx_word' id='word_1_248' title='bbox 426 3544 569 3617; x_wconf 86' lang='lat' dir='ltr'>ebriosos,</span> <span class='ocrx_word' id='word_1_249' title='bbox 594 3543 707 3615; x_wconf 87' lang='lat' dir='ltr'>molles,</span> <span class='ocrx_word' id='word_1_250' title='bbox 737 3556 840 3623; x_wconf 68' lang='lat' dir='ltr'>aratos</span> <span class='ocrx_word' id='word_1_251' title='bbox 861 3545 916 3599; x_wconf 87' lang='lat' dir='ltr'>etc.</span> <span class='ocrx_word' id='word_1_252' title='bbox 956 3539 1011 3611; x_wconf 79' lang='lat' dir='ltr'>Qui</span> <span class='ocrx_word' id='word_1_253' title='bbox 1031 3538 1169 3612; x_wconf 88' lang='lat' dir='ltr'>ejusmodi</span> <span class='ocrx_word' id='word_1_254' title='bbox 1188 3545 1254 3598; x_wconf 89' lang='lat' dir='ltr'>sunt</span> <span class='ocrx_word' id='word_1_255' title='bbox 1273 3556 1326 3597; x_wconf 90' lang='lat' dir='ltr'>nec</span> <span class='ocrx_word' id='word_1_256' title='bbox 1344 3556 1444 3599; x_wconf 89' lang='lat' dir='ltr'>eorum</span> 
     </span>
     <span class='ocr_line' id='line_1_28' title="bbox 287 3644 1444 3720; baseline -0.004 -13"><span class='ocrx_word' id='word_1_257' title='bbox 287 3646 410 3708; x_wconf 77' lang='lat' dir='ltr'>vitiorum</span> <span class='ocrx_word' id='word_1_258' title='bbox 433 3652 579 3709; x_wconf 84' lang='lat' dir='ltr'>metanoea</span> <span class='ocrx_word' id='word_1_259' title='bbox 600 3646 759 3717; x_wconf 87' lang='lat' dir='ltr'>ducuntur,</span> <span class='ocrx_word' id='word_1_260' title='bbox 789 3645 889 3720; x_wconf 89' lang='lat' dir='ltr'>procul</span> <span class='ocrx_word' id='word_1_261' title='bbox 911 3644 978 3702; x_wconf 91' lang='lat' dir='ltr'>hinc</span> <span class='ocrx_word' id='word_1_262' title='bbox 999 3648 1078 3702; x_wconf 87' lang='lat' dir='ltr'>arcet</span> <span class='ocrx_word' id='word_1_263' title='bbox 1100 3645 1220 3717; x_wconf 84' lang='lat' dir='ltr'>ecclesia</span> <span class='ocrx_word' id='word_1_264' title='bbox 1244 3649 1274 3701; x_wconf 89' lang='lat' dir='ltr'>et</span> <span class='ocrx_word' id='word_1_265' title='bbox 1287 3644 1444 3719; x_wconf 91' lang='lat' dir='ltr'>apostolus,</span> 
     </span>
     <span class='ocr_line' id='line_1_29' title="bbox 287 3750 1445 3830; baseline 0 -23"><span class='ocrx_word' id='word_1_266' title='bbox 287 3752 363 3813; x_wconf 87' lang='lat' dir='ltr'>modo</span> <span class='ocrx_word' id='word_1_267' title='bbox 377 3757 407 3814; x_wconf 93' lang='lat' dir='ltr'>in</span> <span class='ocrx_word' id='word_1_268' title='bbox 421 3756 479 3814; x_wconf 92' lang='lat' dir='ltr'>hoc</span> <span class='ocrx_word' id='word_1_269' title='bbox 493 3754 641 3830; x_wconf 81' lang='lat' dir='ltr'>propoeIto</span> <span class='ocrx_word' id='word_1_270' title='bbox 656 3764 824 3825; x_wconf 88' lang='lat' dir='ltr'>permanere</span> <span class='ocrx_word' id='word_1_271' title='bbox 833 3764 930 3809; x_wconf 87' lang='lat' dir='ltr'>secum</span> <span class='ocrx_word' id='word_1_272' title='bbox 940 3750 1085 3809; x_wconf 88' lang='lat' dir='ltr'>statuerit.</span> <span class='ocrx_word' id='word_1_273' title='bbox 1110 3750 1160 3809; x_wconf 82' lang='lat' dir='ltr'>Sis</span> <span class='ocrx_word' id='word_1_274' title='bbox 1175 3754 1270 3808; x_wconf 89' lang='lat' dir='ltr'>autem</span> <span class='ocrx_word' id='word_1_275' title='bbox 1284 3750 1359 3808; x_wconf 86' lang='lat' dir='ltr'>male</span> <span class='ocrx_word' id='word_1_276' title='bbox 1373 3753 1445 3808; x_wconf 86' lang='lat' dir='ltr'>actae</span> 
     </span>
     <span class='ocr_line' id='line_1_30' title="bbox 287 3852 1446 3957; baseline -0.002 -42"><span class='ocrx_word' id='word_1_277' title='bbox 287 3858 345 3915; x_wconf 80' lang='lat' dir='ltr'>vitae</span> <span class='ocrx_word' id='word_1_278' title='bbox 358 3874 394 3918; x_wconf 84' lang='lat' dir='ltr'>ax</span> <span class='ocrx_word' id='word_1_279' title='bbox 407 3858 497 3919; x_wconf 88' lang='lat' dir='ltr'>corde</span> <span class='ocrx_word' id='word_1_280' title='bbox 512 3858 665 3931; x_wconf 70' lang='lat' dir='ltr'>pressiset,</span> <span class='ocrx_word' id='word_1_281' title='bbox 687 3855 800 3915; x_wconf 85' lang='lat' dir='ltr'>veniam</span> <span class='ocrx_word' id='word_1_282' title='bbox 814 3872 833 3914; x_wconf 92' lang='lat' dir='ltr'>a</span> <span class='ocrx_word' id='word_1_283' title='bbox 846 3854 910 3915; x_wconf 90' lang='lat' dir='ltr'>Deo</span> <span class='ocrx_word' id='word_1_284' title='bbox 924 3856 1083 3929; x_wconf 89' lang='lat' dir='ltr'>postulent,</span> <span class='ocrx_word' id='word_1_285' title='bbox 1100 3871 1163 3913; x_wconf 85' lang='lat' dir='ltr'>cunr</span> <span class='ocrx_word' id='word_1_286' title='bbox 1178 3852 1283 3915; x_wconf 90' lang='lat' dir='ltr'>fidncia</span> <span class='ocrx_word' id='word_1_287' title='bbox 1297 3856 1354 3957; x_wconf 76' lang='lat' dir='ltr'>huc</span> <span class='ocrx_word' id='word_1_288' title='bbox 1367 3868 1446 3914; x_wconf 84' lang='lat' dir='ltr'>acoe-</span> 
     </span>
     <span class='ocr_line' id='line_1_31' title="bbox 284 3959 1445 4038; baseline -0.003 -16"><span class='ocrx_word' id='word_1_289' title='bbox 284 3961 358 4022; x_wconf 80' lang='lat' dir='ltr'>&#39;dant</span> <span class='ocrx_word' id='word_1_290' title='bbox 380 3964 421 4023; x_wconf 87' lang='lat' dir='ltr'>Et</span> <span class='ocrx_word' id='word_1_291' title='bbox 434 3969 623 4038; x_wconf 85' lang='lat' dir='ltr'>posteaquam</span> <span class='ocrx_word' id='word_1_292' title='bbox 637 3961 866 4021; x_wconf 77' lang='lat' dir='ltr'>adhortationem</span> <span class='ocrx_word' id='word_1_293' title='bbox 879 3960 1003 4036; x_wconf 89' lang='lat' dir='ltr'>finierat,</span> <span class='ocrx_word' id='word_1_294' title='bbox 1027 3962 1087 4021; x_wconf 88' lang='lat' dir='ltr'>alta</span> <span class='ocrx_word' id='word_1_295' title='bbox 1101 3978 1171 4021; x_wconf 82' lang='lat' dir='ltr'>voca</span> <span class='ocrx_word' id='word_1_296' title='bbox 1186 3961 1368 4021; x_wconf 78' lang='lat' dir='ltr'>exclamavit:</span> <span class='ocrx_word' id='word_1_297' title='bbox 1389 3959 1445 4020; x_wconf 75' lang='lat' dir='ltr'>ulc-</span> 
     </span>
     <span class='ocr_line' id='line_1_32' title="bbox 287 4049 1447 4143; baseline -0.003 -14"><span class='ocrx_word' id='word_1_298' title='bbox 287 4069 361 4131; x_wconf 81' lang='lat' dir='ltr'>cedat</span> <span class='ocrx_word' id='word_1_299' title='bbox 373 4072 430 4131; x_wconf 89' lang='lat' dir='ltr'>huo</span> <span class='ocrx_word' id='word_1_300' title='bbox 445 4049 553 4143; x_wconf 88' lang='lat' dir='ltr'>omnis,</span> <span class='ocrx_word' id='word_1_301' title='bbox 583 4070 777 4142; x_wconf 85' lang='lat' dir='ltr'>cujuscunque</span> <span class='ocrx_word' id='word_1_302' title='bbox 799 4084 850 4128; x_wconf 87' lang='lat' dir='ltr'>cor</span> <span class='ocrx_word' id='word_1_303' title='bbox 870 4068 1001 4127; x_wconf 88' lang='lat' dir='ltr'>dominus</span> <span class='ocrx_word' id='word_1_304' title='bbox 1024 4067 1135 4127; x_wconf 87' lang='lat' dir='ltr'>adhoc</span> <span class='ocrx_word' id='word_1_305' title='bbox 1154 4070 1250 4140; x_wconf 83' lang='lat' dir='ltr'>vocat,</span> <span class='ocrx_word' id='word_1_306' title='bbox 1276 4065 1353 4139; x_wconf 91' lang='lat' dir='ltr'>qnod</span> <span class='ocrx_word' id='word_1_307' title='bbox 1368 4066 1447 4126; x_wconf 88' lang='lat' dir='ltr'>Dens</span> 
     </span>
     <span class='ocr_line' id='line_1_33' title="bbox 287 4169 1448 4251; baseline -0.002 -16"><span class='ocrx_word' id='word_1_308' title='bbox 287 4181 363 4246; x_wconf 84' lang='lat' dir='ltr'>pater</span> <span class='ocrx_word' id='word_1_309' title='bbox 376 4178 461 4238; x_wconf 88' lang='lat' dir='ltr'>nobis</span> <span class='ocrx_word' id='word_1_310' title='bbox 472 4191 527 4251; x_wconf 90' lang='lat' dir='ltr'>per</span> <span class='ocrx_word' id='word_1_311' title='bbox 540 4176 641 4234; x_wconf 81' lang='lat' dir='ltr'>desum</span> <span class='ocrx_word' id='word_1_312' title='bbox 656 4173 801 4233; x_wconf 80' lang='lat' dir='ltr'>Christum</span> <span class='ocrx_word' id='word_1_313' title='bbox 820 4170 909 4231; x_wconf 85' lang='lat' dir='ltr'>filium</span> <span class='ocrx_word' id='word_1_314' title='bbox 929 4189 1011 4233; x_wconf 88' lang='lat' dir='ltr'>snum</span> <span class='ocrx_word' id='word_1_315' title='bbox 1026 4174 1100 4233; x_wconf 91' lang='lat' dir='ltr'>benc</span> <span class='ocrx_word' id='word_1_316' title='bbox 1113 4172 1249 4231; x_wconf 72' lang='lat' dir='ltr'>fomunet.</span> <span class='ocrx_word' id='word_1_317' title='bbox 1287 4169 1448 4233; x_wconf 74' lang='lat' dir='ltr'>decedente</span> 
     </span>
     <span class='ocr_line' id='line_1_34' title="bbox 287 4276 1449 4357; baseline -0.006 -17"><span class='ocrx_word' id='word_1_318' title='bbox 287 4278 367 4352; x_wconf 72' lang='lat' dir='ltr'>igitur</span> <span class='ocrx_word' id='word_1_319' title='bbox 379 4281 487 4357; x_wconf 91' lang='lat' dir='ltr'>populo</span> <span class='ocrx_word' id='word_1_320' title='bbox 500 4282 649 4341; x_wconf 85' lang='lat' dir='ltr'>Musenlus</span> <span class='ocrx_word' id='word_1_321' title='bbox 664 4296 781 4353; x_wconf 89' lang='lat' dir='ltr'>panem,</span> <span class='ocrx_word' id='word_1_322' title='bbox 804 4280 958 4353; x_wconf 84' lang='lat' dir='ltr'>symmistes</span> <span class='ocrx_word' id='word_1_323' title='bbox 972 4279 1062 4353; x_wconf 89' lang='lat' dir='ltr'>ipsius</span> <span class='ocrx_word' id='word_1_324' title='bbox 1078 4278 1194 4336; x_wconf 88' lang='lat' dir='ltr'>calicem</span> <span class='ocrx_word' id='word_1_325' title='bbox 1208 4276 1369 4349; x_wconf 78' lang='lat' dir='ltr'>porrigunt.</span> <span class='ocrx_word' id='word_1_326' title='bbox 1394 4276 1449 4347; x_wconf 74' lang='lat' dir='ltr'>Qui</span> 
     </span>
     <span class='ocr_line' id='line_1_35' title="bbox 287 4380 1450 4462; baseline -0.005 -20"><span class='ocrx_word' id='word_1_327' title='bbox 287 4400 393 4446; x_wconf 91' lang='lat' dir='ltr'>manum</span> <span class='ocrx_word' id='word_1_328' title='bbox 407 4390 574 4462; x_wconf 80' lang='lat' dir='ltr'>porrigebat</span> <span class='ocrx_word' id='word_1_329' title='bbox 596 4386 750 4461; x_wconf 92' lang='lat' dir='ltr'>epopnlo,</span> <span class='ocrx_word' id='word_1_330' title='bbox 774 4386 839 4444; x_wconf 92' lang='lat' dir='ltr'>huic</span> <span class='ocrx_word' id='word_1_331' title='bbox 861 4384 1034 4443; x_wconf 85' lang='lat' dir='ltr'>eucharistIa</span> <span class='ocrx_word' id='word_1_332' title='bbox 1053 4384 1082 4439; x_wconf 89' lang='lat' dir='ltr'>ln</span> <span class='ocrx_word' id='word_1_333' title='bbox 1102 4397 1217 4439; x_wconf 91' lang='lat' dir='ltr'>manum</span> <span class='ocrx_word' id='word_1_334' title='bbox 1238 4380 1375 4452; x_wconf 88' lang='lat' dir='ltr'>dabatur,</span> <span class='ocrx_word' id='word_1_335' title='bbox 1400 4381 1450 4453; x_wconf 91' lang='lat' dir='ltr'>qui</span> 
     </span>
     <span class='ocr_line' id='line_1_36' title="bbox 287 4484 1447 4566; baseline -0.003 -19"><span class='ocrx_word' id='word_1_336' title='bbox 287 4499 448 4552; x_wconf 83' lang='lat' dir='ltr'>reverenter</span> <span class='ocrx_word' id='word_1_337' title='bbox 462 4494 559 4566; x_wconf 91' lang='lat' dir='ltr'>patulo</span> <span class='ocrx_word' id='word_1_338' title='bbox 575 4509 626 4551; x_wconf 89' lang='lat' dir='ltr'>ore</span> <span class='ocrx_word' id='word_1_339' title='bbox 640 4490 808 4565; x_wconf 89' lang='lat' dir='ltr'>accedebat,</span> <span class='ocrx_word' id='word_1_340' title='bbox 823 4491 889 4549; x_wconf 91' lang='lat' dir='ltr'>huic</span> <span class='ocrx_word' id='word_1_341' title='bbox 903 4491 934 4548; x_wconf 95' lang='lat' dir='ltr'>in</span> <span class='ocrx_word' id='word_1_342' title='bbox 949 4504 981 4548; x_wconf 90' lang='lat' dir='ltr'>os</span> <span class='ocrx_word' id='word_1_343' title='bbox 996 4502 1099 4561; x_wconf 89' lang='lat' dir='ltr'>panem</span> <span class='ocrx_word' id='word_1_344' title='bbox 1114 4485 1242 4543; x_wconf 89' lang='lat' dir='ltr'>minister</span> <span class='ocrx_word' id='word_1_345' title='bbox 1257 4484 1380 4542; x_wconf 88' lang='lat' dir='ltr'>immisit.</span> <span class='ocrx_word' id='word_1_346' title='bbox 1400 4485 1447 4544; x_wconf 94' lang='lat' dir='ltr'>In·</span> 
     </span>
     <span class='ocr_line' id='line_1_37' title="bbox 287 4586 1447 4672; baseline -0.003 -20"><span class='ocrx_word' id='word_1_347' title='bbox 287 4597 362 4655; x_wconf 87' lang='lat' dir='ltr'>terea</span> <span class='ocrx_word' id='word_1_348' title='bbox 381 4598 504 4658; x_wconf 88' lang='lat' dir='ltr'>ecclesia</span> <span class='ocrx_word' id='word_1_349' title='bbox 526 4598 651 4672; x_wconf 86' lang='lat' dir='ltr'>psalmos</span> <span class='ocrx_word' id='word_1_350' title='bbox 672 4597 793 4657; x_wconf 87' lang='lat' dir='ltr'>canebat</span> <span class='ocrx_word' id='word_1_351' title='bbox 815 4601 845 4655; x_wconf 91' lang='lat' dir='ltr'>et</span> <span class='ocrx_word' id='word_1_352' title='bbox 865 4596 1028 4670; x_wconf 87' lang='lat' dir='ltr'>passionem</span> <span class='ocrx_word' id='word_1_353' title='bbox 1048 4590 1153 4649; x_wconf 84' lang='lat' dir='ltr'>Christi</span> <span class='ocrx_word' id='word_1_354' title='bbox 1180 4590 1211 4646; x_wconf 91' lang='lat' dir='ltr'>in</span> <span class='ocrx_word' id='word_1_355' title='bbox 1231 4586 1380 4663; x_wconf 85' lang='lat' dir='ltr'>rhythmos</span> <span class='ocrx_word' id='word_1_356' title='bbox 1404 4590 1447 4648; x_wconf 92' lang='lat' dir='ltr'>di·</span> 
     </span>
     <span class='ocr_line' id='line_1_38' title="bbox 289 4692 1448 4769; baseline -0.003 -11"><span class='ocrx_word' id='word_1_357' title='bbox 289 4704 399 4769; x_wconf 74' lang='lat' dir='ltr'>qoam.</span> <span class='ocrx_word' id='word_1_358' title='bbox 438 4701 509 4761; x_wconf 89' lang='lat' dir='ltr'>Post</span> <span class='ocrx_word' id='word_1_359' title='bbox 531 4702 756 4761; x_wconf 88' lang='lat' dir='ltr'>communionem</span> <span class='ocrx_word' id='word_1_360' title='bbox 774 4716 874 4760; x_wconf 87' lang='lat' dir='ltr'>rursus</span> <span class='ocrx_word' id='word_1_361' title='bbox 893 4697 1040 4758; x_wconf 86' lang='lat' dir='ltr'>Masculus</span> <span class='ocrx_word' id='word_1_362' title='bbox 1063 4696 1161 4757; x_wconf 91' lang='lat' dir='ltr'>habita</span> <span class='ocrx_word' id='word_1_363' title='bbox 1182 4696 1312 4753; x_wconf 84' lang='lat' dir='ltr'>cratibus</span> <span class='ocrx_word' id='word_1_364' title='bbox 1335 4692 1448 4755; x_wconf 82' lang='lat' dir='ltr'>Christo</span> 
     </span>
     <span class='ocr_line' id='line_1_39' title="bbox 289 4800 1449 4881; baseline 0 -22"><span class='ocrx_word' id='word_1_365' title='bbox 289 4801 396 4865; x_wconf 92' lang='lat' dir='ltr'>domino</span> <span class='ocrx_word' id='word_1_366' title='bbox 416 4823 471 4881; x_wconf 89' lang='lat' dir='ltr'>pro</span> <span class='ocrx_word' id='word_1_367' title='bbox 491 4807 616 4881; x_wconf 87' lang='lat' dir='ltr'>acceptis</span> <span class='ocrx_word' id='word_1_368' title='bbox 638 4802 785 4866; x_wconf 85' lang='lat' dir='ltr'>beneficiis</span> <span class='ocrx_word' id='word_1_369' title='bbox 809 4806 917 4880; x_wconf 76' lang='lat' dir='ltr'>gratias</span> <span class='ocrx_word' id='word_1_370' title='bbox 938 4802 997 4877; x_wconf 81' lang='lat' dir='ltr'>egit</span> <span class='ocrx_word' id='word_1_371' title='bbox 1018 4808 1048 4861; x_wconf 90' lang='lat' dir='ltr'>et</span> <span class='ocrx_word' id='word_1_372' title='bbox 1061 4816 1125 4861; x_wconf 89' lang='lat' dir='ltr'>cum</span> <span class='ocrx_word' id='word_1_373' title='bbox 1147 4800 1345 4862; x_wconf 80' lang='lat' dir='ltr'>benedictique</span> <span class='ocrx_word' id='word_1_374' title='bbox 1360 4800 1449 4859; x_wconf 88' lang='lat' dir='ltr'>eucle-</span> 
     </span>
    </p>
   </div>
   <div class='ocr_carea' id='block_1_3' title="bbox 0 0 1854 5692">
    <p class='ocr_par' dir='ltr' id='par_1_3' title="bbox 0 0 1854 5692">
     <span class='ocr_line' id='line_1_40' title="bbox 0 0 1854 5692; baseline 0 0"><span class='ocrx_word' id='word_1_375' title='bbox 0 0 1854 5692; x_wconf 95' lang='lat' dir='ltr'> </span> 
     </span>
    </p>
   </div>
  </div>
 </body>
</html>
