3700 5692
962 744 1028 816 212

498 928 893 1005 OptimusBaumgarteucrus
903 944 964 1003 prae
975 929 1063 989 nimia
1072 929 1302 991 consideratione
1312 930 1415 991 horum
1421 936 1570 1005 temporum

409 1042 548 1096 atrorum
571 1037 655 1110 quasi
673 1036 741 1096 tabo
760 1031 918 1094 conficitur.
961 1033 1098 1095 Dedimus
1119 1035 1218 1097 liberis
1233 1036 1293 1097 Viti
1315 1038 1453 1111 pauculos
1472 1036 1571 1111 aliquot

408 1158 538 1204 nummos
552 1143 583 1200 in
597 1156 811 1215 mnemosynon.

496 1246 608 1308 Eadem
623 1246 847 1322 christophorus
862 1248 956 1307 Furor
976 1248 1006 1307 in
1028 1249 1184 1309 crastinum
1202 1249 1383 1323 octingentos
1398 1247 1572 1321 septuaginta

409 1356 535 1429 quinque
549 1354 692 1429 thalerus,
715 1353 765 1428 qui
782 1350 891 1413 iaciunt
905 1369 1042 1413 summam
1062 1354 1139 1413 mille
1158 1350 1334 1414 florenorum
1349 1354 1504 1413 communis
1517 1368 1571 1411 mo·

332 1441 336 1445 “
408 1466 485 1519 netae
504 1475 536 1519 se
559 1464 692 1534 prompte
714 1459 797 1518 nobis
818 1459 972 1519 missurum
992 1460 1115 1534 recepit,
1140 1456 1218 1535 quod
1232 1466 1262 1521 et
1276 1461 1371 1521 altera
1384 1460 1432 1520 die
1445 1456 1574 1533 prestitit

408 1582 461 1641 per
475 1566 597 1626 Paulum
612 1564 764 1628 Leitschir.

496 1672 622 1731 Aooena
636 1688 730 1732 comes
751 1673 933 1746 aRethberg
954 1677 983 1732 et
1005 1688 1059 1746 ego
1082 1677 1164 1731 entre
1183 1677 1298 1746 portem
1320 1670 1495 1729 munitiones
1512 1682 1571 1743 per·

409 1778 561 1850 speximus.
595 1779 674 1837 Note
695 1779 944 1838 immunitionibus
959 1778 1034 1838 ercis
1049 1776 1175 1851 quinque
1190 1776 1301 1851 lapides
1317 1777 1435 1835 caeletos
1450 1780 1573 1835 constare

408 1881 518 1942 floreno
541 1898 612 1956 uno,
635 1889 669 1943 ut
683 1884 765 1943 nobis
780 1886 805 1943 is
819 1885 928 1958 retuht,
959 1884 1009 1957 qui
1023 1883 1164 1941 rationem
1178 1879 1292 1941 edificii
1313 1883 1404 1942 totius
1424 1896 1534 1957 quoque
1549 1883 1573 1940 et

407 2003 555 2047 murorum
570 1994 600 2048 et
614 1994 763 2064 portarum
776 1977 944 2063 perscripsit
959 1994 988 2048 et
1003 1986 1208 2060 computationi
1223 1984 1364 2047 interfuit.

497 2094 534 2154 N.
551 2094 587 2154 de
602 2093 718 2156 doctore
735 2096 838 2155 Sittart
852 2101 881 2154 et
896 2096 999 2155 comite
1014 2094 1050 2155 de
1066 2092 1208 2166 Stolherg.

456 2236 461 2243 ·
495 2200 574 2276 xxvij
589 2200 670 2260 Junii
692 2217 786 2261 comes
805 2200 986 2274 eRethbarg
1008 2200 1063 2259 iter
1083 2200 1113 2259 in
1127 2198 1251 2273 patriam
1271 2199 1403 2274 erripuit.
1446 2199 1512 2259 Dux
1523 2199 1573 2277 ¹uie

406 2307 450 2365 illi
463 2307 502 2365 sit
515 2306 644 2380 angelus,
661 2307 711 2380 qui
724 2305 864 2366 Jacobum
878 2306 1073 2380 patriercham
1088 2305 1216 2365 deduxit.
1244 2304 1360 2365 Eubulo
1375 2304 1513 2367 Liberius
1527 2321 1570 2364 ex·

406 2413 565 2488 pectendos
580 2416 652 2473 erat.

494 2518 608 2578 Deinde
622 2518 753 2578 Eubulus
771 2520 802 2576 in
821 2519 928 2594 templo
949 2522 1042 2579 sancti
1064 2518 1182 2593 spiritus
1204 2518 1369 2577 concionem
1391 2534 1506 2578 sacram
1522 2516 1573 2575 uiri

382 2705 384 2710 Ι
405 2623 553 2697 cujusdem
573 2623 763 2683 adolescentis
782 2623 834 2683 sed
853 2623 984 2683 doctrina
1005 2629 1036 2683 ct
1059 2622 1222 2698 eloquentia
1246 2623 1311 2681 cani
1335 2622 1467 2697 audivit,
1495 2637 1572 2697 super

405 2729 468 2786 haec
482 2729 571 2788 verba
585 2745 609 2786 s.
625 2728 710 2787 Pauli
724 2728 831 2803 Ephes.
850 2732 879 2789 3.
913 2730 1027 2804 »Hujus
1050 2731 1093 2789 rei
1112 2730 1205 2804 gretie
1223 2725 1308 2787 flecto
1332 2743 1431 2803 genua
1457 2744 1521 2788 mee
1539 2726 1572 2786 ad

405 2838 517 2907 patrem
532 2834 641 2893 domini
656 2834 747 2893 nostri
760 2834 780 2893 J
782 2850 832 2893 esu
848 2834 967 2911 Christi,
991 2852 1027 2896 ex
1043 2852 1100 2909 quo
1116 2836 1208 2895 omnis
1223 2851 1241 2895 e
1256 2833 1398 2894 communi
1413 2838 1500 2909 petre
1514 2850 1571 2906 cog·

406 2938 485 2998 netio
500 2939 531 2997 in
546 2938 627 2998 coelis
642 2944 672 2997 ct
685 2941 715 2998 in
730 2944 809 2999 terra
822 2941 999 3016 nominatur,
1025 2947 1058 3001 ut
1079 2942 1128 3002 det
1146 2941 1227 3001 vobis
1244 2940 1328 3014 juxte
1347 2939 1466 3001 divitias
1480 2939 1571 3015 gloriae

403 3059 474 3118 suaa,
490 3050 523 3103 ut
536 3042 704 3104 fortitudine
719 3045 943 3105 corroboremini
957 3064 1010 3121 par
1024 3048 1155 3122 spiritum
1169 3064 1251 3105 suum
1273 3047 1304 3105 in
1325 3048 1476 3106 internum
1489 3046 1570 3105 homi·

403 3165 480 3224 nem,
496 3154 529 3209 ut
543 3148 683 3210 inhabitet
699 3149 830 3210 Christus
850 3168 903 3225 per
924 3150 1010 3213 fidam
1028 3155 1059 3212 in
1074 3152 1207 3213 cordibus
1221 3153 1335 3227 vestris,
1355 3150 1424 3211 fixis
1440 3153 1471 3211 in
1485 3150 1570 3210 cheri

403 3259 464 3314 tate
478 3255 622 3317 radicibus
637 3260 666 3316 et
680 3251 866 3317 fundamento
878 3259 973 3333 jacto,
989 3265 1022 3319 ut
1036 3259 1154 3319 valeeds
1169 3260 1303 3332 assequi«
1320 3262 1374 3317 etc.
1398 3258 1459 3317 Hic
1474 3257 1570 3329 docuit,

404 3360 473 3433 quid
488 3365 564 3421 esset
578 3360 664 3437 fides,
691 3379 755 3435 quae
776 3364 838 3436 ejus
862 3367 967 3423 natura
987 3365 1033 3425 vel
1055 3363 1196 3439 efficacia,
1219 3371 1250 3423 et
1263 3362 1406 3437 quomodo
1424 3364 1570 3424 debeanm

403 3467 532 3526 redicem
551 3470 582 3526 in
603 3467 747 3527 Christum
767 3470 895 3542 mittere,
923 3470 1054 3545 exemplo
1078 3471 1191 3531 arboris
1212 3470 1353 3544 robuste,
1378 3485 1447 3541 quae
1466 3468 1569 3529 radices

370 3611 373 3618 ,
403 3586 470 3631 suas
484 3577 572 3633 terrae
586 3571 663 3648 figit,
683 3571 771 3634 flaute
786 3574 875 3633 borea
889 3580 919 3633 et
932 3572 1052 3635 reflante
1066 3576 1153 3637 cacia
1167 3574 1318 3635 immobilis
1333 3580 1442 3634 menet.
1481 3573 1569 3647 Atque

401 3668 716 3740 inter'concionandum
730 3680 806 3739 inter
820 3680 891 3739 alios
906 3682 1056 3755 scripturas
1078 3683 1156 3742 locos
1177 3680 1239 3741 iere
1254 3686 1345 3740 totum
1360 3681 1507 3754 psalmum·
1517 3678 1569 3752 pri·

400 3799 478 3842 mum
491 3786 539 3845 uel
553 3791 586 3844 ut
600 3786 651 3845 elii
665 3786 752 3845 etiam
765 3787 879 3847 classici
892 3787 1030 3847 authores
1052 3788 1179 3849 scribunt
1193 3787 1333 3863 psalmum
1344 3786 1509 3853 ¹secundum
1523 3799 1566 3843 cs·

401 3889 537 3964 pianavit.
576 3892 648 3952 Item
663 3908 728 3966 quae
742 3909 829 3968 poene
844 3894 885 3952 eis
898 3898 1027 3968 maneat,
1049 3893 1098 3969 qui
1117 3894 1228 3954 radices
1250 3890 1322 3951 fixas
1337 3891 1368 3948 in
1384 3888 1500 3950 Christo
1515 3904 1567 3948 non

401 3993 536 4054 habeant.
559 3997 632 4054 Item
647 3997 684 4057 de
698 3998 906 4071 ingratitudine
920 4004 1022 4059 nosue
1037 4014 1107 4073 erge
1116 3998 1200 4058 deum
1209 4002 1238 4057 et
1253 3998 1315 4071 ejus
1327 3997 1458 4070 verbum,
1475 4010 1566 4071 quam·

401 4099 500 4161 obrem
515 4101 620 4159 ethaeo
633 4103 795 4176 persecutio
810 4104 893 4164 nobis
907 4104 1053 4179 acciderit,
1071 4111 1100 4164 ct
1114 4103 1299 4165 adamussim
1314 4102 1429 4175 singula
1442 4099 1567 4161 lectionis

399 4207 488 4267 rerba
503 4208 649 4268 excutiens
672 4208 844 4267 hortabatur
863 4210 1001 4283 populum
1020 4210 1059 4271 ad
1080 4210 1279 4285 poenitentiam
1300 4212 1330 4267 et
1343 4206 1455 4267 fructus
1471 4206 1566 4280 ιιιςιιοι

397 4314 576 4398 poenitentiae
592 4318 621 4373 et
636 4313 675 4373 ad
689 4311 755 4373 fidei
771 4314 960 4373 constentiam
978 4332 1011 4375 ac
1026 4314 1064 4376 ed
1077 4312 1278 4375 ratificandum
1293 4312 1484 4373 inOhristum.
1500 4311 1564 4370 Par·

396 4418 505 4491 placuit
524 4419 606 4481 nobis
628 4420 659 4478 in
680 4418 735 4477 hoc
758 4419 833 4493 viro,
865 4419 943 4492 quod
968 4437 1031 4479 cum
1057 4421 1148 4481 cressi
1176 4421 1219 4479 illi
1242 4420 1329 4479 boves
1344 4424 1374 4479 ct
1391 4419 1470 4478 tauri
1490 4430 1565 4477 ouem

398 4520 506 4584 Christi
531 4524 629 4584 balare
649 4523 687 4583 ob
712 4521 869 4583 terrificum
887 4524 1003 4584 interim
1023 4528 1180 4601 vetuerint,
1197 4524 1287 4599 forte,
1304 4541 1340 4583 ne
1355 4540 1374 4583 a
1387 4524 1565 4584 rhinocerote

397 4632 426 4713 et
440 4635 621 4690 monocerote
641 4630 736 4690 latere
756 4645 857 4689 eorum
876 4629 1065 4706 tondeantur,
1087 4632 1235 4706 timentes,
1260 4646 1329 4691 voce
1344 4629 1433 4689 alacri
1447 4630 1565 4703 ipsemet

395 4729 543 4805 Asaphum
556 4736 603 4794 uel
616 4729 825 4808 iditum'agens
847 4736 996 4810 alcariter,
1022 4738 1191 4796 concinente
1206 4736 1340 4811 ecclesia,
1361 4734 1487 4795 canterit
1497 4746 1563 4792 cen·

396 4834 483 4892 ticum
497 4837 627 4915 Lutheri,
651 4856 708 4915 quo
731 4841 841 4916 petitur
862 4846 896 4901 ut
917 4838 1049 4903 Christus
1071 4843 1221 4917 ecclesiam
1243 4856 1324 4905 suam
1346 4845 1447 4903 matre
1463 4837 1563 4907 maht·
