3700 5692
432 685 475 745 80
933 679 1084 737 saum

521 837 565 902 nil
587 835 728 902 faustum
752 857 823 904 esse
846 845 972 922 putant
1017 842 1094 908 Sine
1117 844 1257 908 carmine
1283 865 1376 912 nemo
1399 848 1557 931 Magister,

521 963 612 1008 nemo
635 951 743 1026 potest
764 945 883 1010 Ductor
905 944 984 1009 fieri.
1029 946 1110 1012 Cum
1133 948 1222 1015 ducit
1241 958 1365 1017 amator

518 1046 688 1116 formosam
711 1051 745 1114 in
769 1049 925 1116 thalamos
949 1051 1131 1136 nympham,
1154 1055 1182 1120 si
1205 1057 1348 1122 earmina
1370 1058 1486 1142 desint,

470 1173 504 1223 so
518 1161 612 1222 nocte
634 1157 717 1222 iacet
739 1162 808 1221 tota
829 1158 937 1222 tenuis
960 1159 1029 1223 sine
1052 1161 1166 1226 robore
1188 1179 1316 1244 nervus,

518 1281 583 1327 non
606 1263 707 1342 magis
731 1268 855 1329 arrecto
878 1279 975 1346 quam
997 1264 1142 1331 Nestoris
1165 1267 1278 1334 hernia
1299 1269 1389 1336 collo.

517 1366 722 1434 Carminibus
745 1369 838 1434 dictis
861 1387 1039 1450 generosae
1061 1373 1185 1439 semina
1205 1373 1306 1455 prolis

516 1491 635 1554 sponsa
657 1475 757 1554 capit;
780 1475 927 1556 plebeiae
948 1476 1074 1542 animae
1096 1479 1166 1544 sine
1189 1479 1331 1546 carmine
1353 1489 1501 1563 surgunt.

516 1578 596 1646 Cum
620 1580 755 1645 moritur
777 1579 875 1660 dives
899 1587 1042 1648 moestae
1063 1584 1185 1650 sociata
1206 1604 1359 1667 cupresso

469 1685 661 1768 absportula
683 1684 865 1753 chartarum
886 1693 1058 1769 properat:
1081 1689 1221 1770 lugubre
1242 1691 1359 1758 virih'm

514 1792 638 1873 pullata
661 1811 774 1858 seruus
797 1811 931 1858 currens
952 1793 989 1858 in
1011 1795 1148 1862 sindone
1171 1815 1300 1864 mrmen

516 1899 680 1964 distribuit
701 1899 834 1980 populo;
858 1905 989 1965 cantata
1009 1897 1089 1966 haec
1112 1903 1231 1967 naenia
1252 1903 1346 1984 pellit

515 2003 723 2084 Eumenidas,
747 2005 849 2087 Stygii
873 2005 1029 2071 obturans
1051 2007 1114 2072 tria
1136 2014 1270 2088 guttura
1293 2012 1439 2092 monstri,

514 2131 573 2177 nec
596 2111 673 2175 sinit
695 2117 732 2175 ut
754 2111 838 2177 tristi
863 2110 1035 2178 damnetur
1056 2113 1189 2195 spiritus
1211 2115 1304 2194 orco,

466 2221 579 2285 uotam
603 2215 707 2298 longis
730 2218 880 2298 numeris,
904 2223 970 2284 tam
994 2221 1105 2285 crebro
1130 2222 1271 2286 carmine
1292 2227 1393 2287 tutus.

558 2324 625 2389 Nec
647 2325 759 2388 Latias
782 2329 908 2389 tantum
931 2326 1051 2403 binnan,
1075 2327 1166 2409 queis
1188 2341 1278 2392 arma
1299 2327 1472 2410 uirumque

512 2446 697 2511 pascuaque
721 2435 754 2494 et
776 2435 902 2511 segetes
925 2431 1041 2496 cecinit
1062 2430 1163 2512 Maro,
1186 2434 1342 2516 queisque
1363 2434 1496 2499 Tibullo

511 2535 604 2600 Delia
628 2540 660 2598 et
682 2535 869 2600 inconstans
893 2536 1014 2600 Nasoni
1037 2537 1123 2604 dicta
1145 2537 1296 2621 Gorynna
1319 2544 1378 2620 est,

511 2642 699 2720 grandisoni
721 2644 849 2706 tentant
871 2649 971 2707 vates.
1017 2643 1085 2709 Iam
1108 2643 1274 2710 scanditur
1295 2646 1379 2712 Oeta

463 2765 497 2816 45
510 2747 660 2826 Doricus3
684 2751 778 2829 epoto
800 2747 862 2811 iam
886 2747 1011 2829 pridem
1027 2748 1165 2815 ·Tibride
1189 2751 1274 2816 docti

512 2852 684 2918 turbantur
706 2850 819 2918 latices
843 2852 1062 2933 Aganippidos
1084 2853 1315 2936 Hippocrenes.

510 2960 554 3025 Et
576 2978 667 3026 sacer
689 2958 782 3043 llyssi
805 2963 942 3038 torrens,
965 2977 1060 3042 quem
1084 2959 1224 3026 Graecia
1246 2962 1406 3044 qnondam

509 3067 639 3132 illimem
663 3083 700 3132 ac
721 3083 803 3146 pura
826 3069 1011 3129 manantem
1034 3064 1163 3130 viderat
1184 3067 1282 3147 unda,

513 3172 661 3238 sordidus
685 3177 718 3236 et
738 3168 843 3252 putris
867 3188 1004 3236 coenosa
1026 3170 1147 3252 uligine
1169 3175 1284 3253 torpet

461 3294 496 3347 su
509 3277 633 3360 Quique
655 3277 764 3361 thymo
785 3275 905 3341 florens
929 3276 1092 3361 cytisoque
1114 3278 1250 3358 insignis
1273 3279 1446 3364 Hymettus

510 3381 697 3449 Pindaricos
720 3383 879 3448 saturavit
900 3401 987 3464 apes,
1010 3382 1085 3449 hinc
1107 3388 1250 3449 stercora
1272 3385 1373 3449 nostri

508 3487 712 3571 hirsutaeque
734 3488 847 3568 legunt
870 3505 985 3570 vepres
1008 3491 1042 3553 et
1065 3488 1151 3553 oleta
1171 3492 1297 3568 poetae.

553 3595 680 3662 Scilicet
704 3598 737 3659 et
759 3599 869 3660 vastae
893 3612 997 3676 nuper
1018 3598 1109 3658 trans
1132 3611 1273 3675 aequora
1294 3592 1406 3659 Baltes

389 3707 393 3714 '
507 3703 733 3784 oppositosque
758 3701 847 3765 sinus
871 3699 1035 3765 Cimbrum
1058 3697 1221 3764 Germana
1242 3697 1348 3779 poesis

459 3806 554 3876 ubire
577 3808 765 3902 peregrinas
789 3807 894 3870 audax
918 3807 994 3870 dum
1018 3809 1124 3870 tentat
1144 3805 1178 3869 in
1201 3822 1283 3884 oras,

506 3912 645 3978 immites
668 3913 770 3978 sensit
790 3911 965 3976 Nereidas:
989 3929 1128 3994 aequore
1150 3916 1219 3976 toto

506 4021 540 4082 et
562 4023 657 4084 vento
683 4023 715 4083 et
738 4017 890 4099 gravibus
913 4017 1030 4082 misere
1052 4017 1173 4082 iactata
1194 4015 1350 4098 procedis,

505 4121 590 4188 illisa
613 4129 663 4189 est
685 4122 816 4204 scopulo
841 4123 942 4190 coecis
966 4128 1062 4205 atque
1085 4121 1190 4187 haesit
1212 4122 1329 4202 arenis,

506 4246 570 4311 qua
592 4229 689 4295 Mona
712 4229 815 4294 adrios
839 4229 919 4294 tollit
943 4234 1090 4295 cretacea
1112 4232 1232 4294 cautes.
1510 4299 1514 4305 ,

460 4331 714 4416 mNavifragam
737 4332 923 4418 fractaeque
945 4335 1027 4400 ratis
1049 4335 1102 4399 vix
1124 4334 1268 4400 membra
1289 4337 1453 4399 tenentem
1534 4370 1537 4374 ·

506 4439 631 4521 excepit
652 4438 743 4505 littus
768 4440 898 4520 nudum,
922 4439 980 4505 sed
1004 4458 1137 4521 corpore
1159 4445 1226 4504 toto

504 4541 603 4624 friget
626 4547 731 4612 adhuc
753 4547 941 4628 redoletque
964 4547 1067 4629 picem
1090 4547 1290 4628 pinguesque
1312 4543 1467 4609 rudentes

505 4639 728 4733 sentinamque
751 4669 898 4732 gravem;
921 4651 1074 4735 liquidam
1096 4671 1158 4717 vox
1180 4669 1278 4718 rauca
1300 4649 1464 4732 mephitim

503 4755 614 4838 spirat,
638 4757 785 4840 inestque
807 4756 911 4838 olidis,
935 4758 1064 4824 biberat
1086 4775 1191 4841 qnam
1218 4762 1338 4824 nautea
1359 4754 1521 4842 rhythmis.
