3700 5692
950 744 1022 810 '202

401 930 496 1007 patris
514 930 640 991 humane
661 929 761 1006 generi
779 928 917 1005 prestitis
937 926 1082 989 benefiuis
1105 927 1234 1003 quotidie
1255 927 1352 989 vitlem
1368 929 1474 991 munit.
1491 966 1495 973 ·
1512 932 1572 993 Nec

403 1053 475 1113 opus
491 1041 543 1112 est,
559 1037 613 1113 uit,
638 1043 670 1096 ut
684 1038 714 1095 in
728 1035 785 1094 hoc
798 1034 919 1094 multum
933 1035 1070 1109 temporis
1085 1039 1187 1095 teram.
1218 1033 1250 1093 Si
1266 1035 1340 1094 enim
1356 1036 1412 1110 ipsi
1426 1036 1571 1098 nobiscum

402 1143 567 1216 recolimus,
591 1160 656 1218 que
675 1142 781 1217 singuli
800 1138 940 1201 beneficia
956 1134 977 1199 'a
997 1140 1051 1200 deo
1071 1140 1198 1215 quobdie
1217 1143 1431 1217 consequimur,
1453 1145 1571 1219 quisque

402 1248 518 1309 abunde
532 1223 603 1309 satis
617 1251 648 1309 in
663 1266 694 1309 se
713 1249 779 1324 ipso
798 1247 861 1305 hec
882 1262 953 1306 vera
976 1262 1039 1306 esse
1058 1248 1223 1321 comperiet.
1254 1246 1301 1307 Ea
1320 1252 1416 1307 autem
1438 1264 1508 1309 uera
1529 1256 1572 1310 est

401 1354 612 1430 misericordia,
635 1360 668 1414 ut
683 1351 752 1429 erga
767 1368 864 1412 omnes
884 1355 934 1427 pio
951 1354 989 1412 sis
1011 1351 1131 1427 affectu,
1155 1369 1238 1427 eque
1258 1351 1439 1415 benefaciens
1454 1355 1531 1415 hosti
1545 1360 1573 1415 et

402 1461 525 1536 inimico,
541 1460 579 1522 ob
593 1458 724 1520 deumne
738 1461 861 1519 emicem
875 1474 982 1518 amare.
1006 1456 1081 1517 Nam
1097 1458 1204 1519 directe
1220 1459 1353 1533 opposite
1367 1465 1434 1520 sunt
1450 1460 1570 1535 Spraeh-

402 1566 457 1626 ebe
469 1564 681 1641 Barmbertzig,
706 1566 787 1638 quasi
804 1564 883 1625 dicus
897 1566 1107 1640 uarmbertzig.
1146 1564 1267 1640 Oportet
1287 1565 1418 1627 enimet
1438 1566 1501 1625 bec
1521 1568 1571 1627 mi·

401 1670 559 1731 sericordia
572 1669 625 1730 fiat
640 1687 676 1729 ex
690 1668 831 1745 tingente
845 1671 974 1729 mutatis
989 1676 1067 1731 motu
1087 1676 1142 1730 etc.
1180 1670 1225 1730 De
1245 1686 1303 1731 non
1320 1670 1478 1744 judicando
1499 1690 1571 1748 pre·

401 1778 479 1838 olere
494 1791 609 1851 quoque
624 1776 721 1836 docuit
740 1792 873 1836 asserens
893 1790 978 1849 quum
998 1776 1053 1834 boc
1073 1777 1134 1837 vitii
1154 1776 1239 1837 modo
1258 1778 1367 1851 passim
1386 1784 1498 1851 regnet
1535 1779 1573 1839 Ει

402 1882 449 1942 ιιι
460 1883 557 1957 jussit,
573 1898 611 1942 ne
625 1883 741 1944 omnino
755 1882 860 1957 privati
872 1882 1064 1956 indicaremus
1081 1882 1117 1942 de
1132 1883 1277 1958 religionis
1293 1887 1380 1957 atem,
1396 1881 1449 1944 sed
1464 1885 1572 1959 cesari

401 1988 555 2063 episcopis,
571 1988 736 2062 pastoribus
751 1993 781 2047 ct
795 1986 1010 2061 magistratibus
1026 1987 1202 2048 secularibus
1217 1989 1571 2063 relinqueremusacquis·

402 2110 460 2169 que
474 2110 507 2155 sc
522 2110 575 2154 suo
590 2094 663 2169 pede
680 2096 833 2154 metiretur
846 2109 962 2169 sueque
978 2095 1079 2154 salutis
1094 2095 1235 2155 rabonem
1249 2095 1369 2169 quisque
1388 2096 1511 2155 baberet
1529 2112 1572 2155 se·

402 2200 569 2274 metipsum
581 2199 747 2275 iudicando,
763 2216 829 2260 nam
844 2205 905 2258 tum
918 2197 984 2259 fieri
998 2206 1031 2259 ut
1043 2197 1128 2259 eene
1143 2179 1254 2273 abonii
1266 2202 1399 2274 mantice
1409 2200 1513 2259 alienae
1527 2201 1574 2261 ob·

402 2306 590 2369 livisoeretur.
628 2306 733 2382 Attigit
755 2312 785 2366 et
802 2306 896 2365 obiter
919 2304 1041 2366 eundem
1065 2308 1219 2381 apologum
1241 2304 1277 2365 dc
1299 2305 1411 2367 duobus
1434 2306 1573 2367 menbris.

402 2412 542 2474 luttere
556 2414 599 2473 ait
611 2427 675 2472 esse
690 2412 861 2472 sententiam
876 2412 906 2471 in
921 2412 1045 2485 aliquem
1067 2411 1172 2471 dicere.
1204 2410 1402 2471 condemnare
1422 2428 1493 2472 veo
1514 2428 1575 2473 esse

402 2516 540 2595 quonum
553 2520 661 2594 majus,
685 2517 877 2592 enodisque
897 2517 1081 2593 condemnet,
1103 2516 1223 2591 judicati
1242 2534 1346 2593 poenas
1367 2518 1530 2579 conscribat
1547 2526 1576 2579 et

402 2624 566 2700 promulget
580 2629 634 2683 etc.
664 2619 728 2682 Nec
740 2627 838 2683 tamen
852 2624 899 2682 btc
914 2623 1010 2683 (licere
1025 2624 1128 2697 omisit,
1146 2622 1278 2709 qualibus
1293 2624 1425 2698 personis
1438 2625 1575 2698 judicium

402 2730 587 2805 permissum,
604 2730 737 2788 nimirum
751 2730 919 2803 parentibus
935 2728 965 2787 in
979 2728 1095 2803 liberos,
1111 2729 1359 2791 concionatoribus
1374 2729 1465 2790 verbo
1480 2735 1511 2790 et
1524 2748 1576 2806 per

403 2834 522 2896 uerbum
536 2836 568 2893 in
582 2835 728 2910 populum,
744 2836 875 2910 exemplo
888 2834 1097 2911 prophetarum
1106 2838 1135 2893 et
1143 2836 1347 2911 apostolorum,
1363 2850 1418 2895 nec
1426 2836 1576 2897 immemor

403 2939 492 3003 etium
504 2940 623 3003 festucae
638 2945 669 3000 et
682 2940 784 3000 trabis.
807 2941 852 3000 De
867 2940 1071 3002 controuersiis
1086 2940 1233 3015 religionis
1247 2942 1321 3002 adeo
1333 2940 1533 3015 praemeditate
1548 2946 1578 3001 et

302 3030 307 3041 ’
403 3048 607 3120 circumspecte
620 3046 807 3119 loquebatur,
831 3053 865 3107 nt
879 3063 964 3107 nemo
979 3063 1012 3107 se
1026 3046 1150 3106 carbone
1169 3050 1264 3107 notari
1284 3049 1366 3121 queri
1386 3051 1494 3120 possm.
1526 3048 1577 3107 Pie

403 3158 500 3213 autem
515 3168 604 3227 sagax
617 3151 702 3211 facile
716 3150 854 3211 olfecerat
868 3152 996 3212 dolorem
1011 3154 1089 3212 bisce
1104 3152 1282 3227 temporibus
1305 3171 1341 3214 ex
1360 3152 1577 3233 abstrusissima

402 3260 454 3320 illu
467 3259 629 3320 interimica
642 3260 903 3320 contmversiarum
917 3259 1065 3333 religionis
1087 3260 1294 3320 conciliatione.
1331 3259 1441 3319 lubens
1461 3274 1515 3319 nos
1533 3261 1576 3319 in·

403 3382 490 3442 super
505 3365 624 3425 arbores
638 3364 730 3425 bones
744 3381 807 3424 esse
822 3370 877 3425 etc.
914 3366 954 3427 Et
968 3365 1036 3439 qnid
1049 3363 1189 3424 multum?
1219 3363 1265 3424 Ne
1278 3366 1342 3439 jota
1356 3365 1474 3438 quidem
1494 3366 1576 3426 inex·

403 3488 517 3533 oussnm
530 3471 656 3545 reliquit.
682 3472 856 3531 blisereatur
870 3473 963 3530 nostri
978 3471 1067 3546 Deus,
1083 3488 1120 3531 ne
1129 3469 1291 3532 Germaniae
1303 3472 1359 3530 bos
1373 3473 1452 3530 viros
1468 3471 1578 3535 Sntban

403 3577 540 3640 inuncet.
570 3578 650 3637 Inter
665 3575 805 3637 beneficia
818 3582 915 3636 autem
931 3576 986 3636 Dei
1000 3576 1070 3635 illud
1086 3578 1263 3651 potissimum
1279 3576 1484 3652 suggerebat,
1500 3576 1578 3650 quod

404 3686 483 3745 Deus
497 3683 575 3743 bisce
589 3682 766 3757 temporibus
780 3680 944 3741 Germaniae
960 3688 1018 3741 tum
1033 3682 1193 3743 luculenter
1213 3682 1331 3741 uerbum
1351 3696 1434 3741 sunm
1454 3682 1578 3757 largitus

404 3790 506 3861 fuerit,
528 3793 562 3847 ut
574 3790 606 3847 in
620 3788 700 3847 nulla
715 3787 759 3847 uel
773 3788 892 3863 regione
907 3788 953 3845 vel
967 3787 1030 3849 loco
1046 3805 1104 3848 non
1120 3789 1324 3848 annunciatum
1338 3788 1386 3847 sit.
1419 3786 1478 3847 Sed
1495 3786 1577 3861 quid,

404 3873 508 3969 innuit
524 3910 577 3953 nos
592 3890 730 3954 fernum
752 3894 1090 3968 rnmmsme‘omnous
1107 3896 1184 3954 uun
1198 3894 1326 3954 moene
1340 3894 1512 3953 laxavimus.
1540 3893 1580 3951 nt

390 4016 442 4061 ⁴ne
457 4014 530 4059 unus
545 4000 678 4073 princepe
692 3998 760 4073 fuit,
784 4002 833 4072 qui
848 4000 895 4059 vel
909 4016 1004 4060 mores
1019 4003 1170 4061 immutare
1185 4000 1322 4073 uoluerit,
1348 4001 1390 4059 ita
1404 4003 1439 4058 ut
1449 3997 1579 4073 justissi-

404 4122 480 4166 mam
494 4106 568 4165 banc
581 4106 807 4178 persecutionem
822 4112 852 4166 ct
865 4108 977 4180 majora
992 4107 1036 4165 his
1050 4106 1209 4165 communiti
1224 4106 1321 4163 umus.
1344 4104 1384 4163 llt
1398 4104 1478 4178 quod
1492 4104 1579 4179 pejus

404 4227 440 4273 eo
450 4212 542 4286 majus
556 4217 609 4285 cst,
625 4228 679 4271 nec
693 4228 768 4270 nunc
784 4212 934 4285 quiequam
949 4218 994 4271 est
1007 4228 1026 4271 a
1040 4211 1248 4287 persecutione,
1265 4212 1315 4285 qni
1329 4212 1359 4269 in
1373 4211 1511 4271 arborem
1525 4210 1577 4269 bo-

404 4334 471 4379 nam
490 4331 657 4378 excrescere
679 4317 785 4390 cupiat.
821 4317 877 4375 Est
897 4319 1092 4377 consternatio
1115 4317 1274 4375 animorum
1294 4308 1400 4387 ubique
1422 4332 1531 4391 magna
1552 4319 1582 4373 et

405 4427 574 4499 queruntur
587 4422 691 4497 media,
707 4422 796 4481 uerbo
811 4427 908 4481 autem
923 4422 1041 4482 obedire
1056 4426 1085 4481 et
1100 4426 1183 4485 tanta
1197 4419 1338 4481 beneficia
1353 4419 1474 4493 benigni
1488 4420 1582 4496 patris

405 4530 557 4605 agnouisse
572 4545 656 4589 nemo
671 4528 780 4600 estqui
795 4527 867 4587 velit
882 4534 935 4587 etc.

392 4624 397 4629 ’
494 4634 521 4693 A
535 4636 673 4693 concione
692 4633 906 4693 obsecrationes
928 4632 993 4693 fieri
1008 4634 1103 4708 jussit.
1141 4634 1182 4691 Et
1196 4630 1324 4708 prolecto
1345 4645 1429 4693 nemo
1446 4631 1519 4689 satis
1534 4646 1581 4688 ar·

407 4742 506 4801 dorem
520 4740 699 4815 precantium
712 4736 744 4797 in
758 4740 836 4799 bisce
850 4740 1015 4814 regionibus
1030 4740 1130 4800 mirari
1139 4743 1246 4814 posset,
1263 4736 1340 4811 quod
1350 4735 1584 4811 compositissimi

407 4849 505 4918 gestus
518 4842 603 4904 tacsse
616 4842 754 4903 indicant.
793 4843 984 4919 Posteaquam
999 4846 1120 4908 ambone
1135 4844 1316 4905 ecclesiastes
1331 4841 1490 4918 renuet,
1506 4840 1582 4905 ludi-
