3700 5692
851 716 915 790 lit

296 923 361 967 mox
383 910 413 967 ln
434 907 566 967 omnibus
586 896 691 966 contra
706 924 830 967 canones
848 908 918 965 istos
938 912 993 984 etc.
1014 909 1175 967 consentire
1193 911 1269 984 velit,
1295 882 1467 987 Schomberg
1547 964 1551 967 .
1589 899 1592 905 ’

295 1022 409 1088 quoque
430 1013 622 1073 manchaleus
641 1013 862 1087 pollicitationes
883 1013 966 1071 nobis
987 1008 1067 1086 iecit,
1091 1013 1140 1073 scd
1163 1030 1251 1073 vanas
1273 1032 1353 1088 reor;
1384 1016 1467 1075 facile

294 1121 370 1179 enim
385 1117 521 1193 quicquid
535 1116 620 1176 aulici
634 1118 814 1190 promittuut.
933 1167 936 1180 ι

257 1215 261 1223 ’
384 1224 474 1298 Ajunt
492 1238 638 1296 caesarem,
661 1238 726 1281 cum
742 1222 919 1282 fertilitatem
939 1198 1001 1296 agri
1022 1224 1155 1283 saxonici
1173 1218 1205 1283 'et
1223 1226 1304 1299 regio
1323 1241 1402 1283 more
1416 1240 1465 1283 ex-

292 1335 404 1389 tructas
419 1345 501 1389 arces
515 1326 643 1401 vidisset,
659 1326 777 1386 dixisse:
800 1328 867 1386 Dux
880 1329 1007 1387 loannes
1023 1326 1187 1387 Fridericus
1206 1329 1324 1389 robusto
1344 1335 1389 1389 est
1402 1346 1465 1388 eor·
1485 1405 1488 1411 Ι

291 1431 411 1509 pore'et
424 1435 512 1494 habet
524 1432 682 1493 fortissima
702 1448 818 1491 crurum
837 1434 951 1507 robora,
975 1438 1072 1492 tamen
1091 1434 1169 1492 tibiae
1189 1435 1277 1507 ipsius
1298 1440 1379 1493 muta
1393 1448 1466 1493 oom-

290 1540 380 1599 moda
394 1554 479 1613 aqua
492 1544 588 1597 mente
606 1535 682 1596 ferre
701 1537 868 1609 nequibant,
898 1538 1003 1597 Omnes
1025 1542 1134 1612 autem,
1159 1541 1207 1612 qui
1228 1544 1346 1614 sperant
1365 1540 1395 1597 in
1414 1539 1464 1597 do-

290 1646 381 1719 mino,
405 1660 464 1703 non
477 1640 696 1702 contundentur.
725 1643 894 1701 Potentiora
908 1644 982 1702 enim
1003 1648 1032 1702 et
1049 1660 1140 1717 regna
1155 1660 1222 1703 suas
1242 1662 1356 1718 quoque
1371 1646 1464 1718 perio·

291 1751 345 1811 dos
360 1750 479 1809 habent.

382 1851 476 1913 Wolff
487 1868 601 1925 quoqne
614 1868 709 1911 comes
723 1852 754 1910 iu
769 1841 907 1926 dtungen
921 1853 1013 1913 adest.
1086 1908 1090 1915 a

381 1958 495 2019 Eadem
507 1957 697 2030 landtgreulae
712 1974 785 2015 unus
799 1963 830 2015 et
843 1958 917 2017 alter
939 1974 1028 2031 equus
1049 1964 1179 2018 mortuus
1199 1964 1251 2018 cst.
1282 1962 1398 2019 lincam
1414 1976 1464 2019 no-

290 2068 374 2126 thum
389 2083 409 2126 a
424 2066 546 2123 &maen
560 2077 625 2121 cum
640 2060 686 2119 lnr
700 2078 801 2122 zonam
816 2064 879 2136 ejus
894 2068 1061 2123 evacuasset
1075 2080 1164 2125 aureo
1179 2066 1355 2123 donndmus.

382 2170 549 2231 Consolatio
571 2166 670 2226 afflicti
690 2174 720 2226 et
741 2168 830 2226 divini
852 2170 952 2227 auxilii
974 2171 1149 2243 expectantis
1164 2169 1206 2227 M.
1223 2170 1358 2228 Lutheri:
1382 2170 1466 2244 Lang

291 2280 332 2338 ist
345 2276 427 2335 nieht
441 2275 532 2349 Ewig,
555 2274 607 2333 der
622 2273 739 2333 elender
753 2272 824 2331 leidt
837 2275 911 2348 well,
935 2275 1005 2334 aber
1019 2275 1098 2334 nicht
1112 2277 1239 2351 alluege.
1271 2274 1309 2333 So
1325 2274 1385 2334 soll
1393 2274 1466 2334 auch

289 2384 354 2441 sein
367 2378 487 2440 hollenn
502 2377 581 2437 nieht
595 2378 744 2439 umbsouat
758 2368 837 2451 seyn.

381 2486 493 2545 Eadem
508 2484 638 2543 comitem
653 2485 690 2544 ab
703 2484 873 2543 fflkmunda
889 2489 918 2543 ct
933 2484 1064 2543 sonitem
1071 2483 1251 2557 Brabanzon,
1268 2486 1390 2545 alterum
1404 2484 1466 2543 hol·

289 2590 426 2664 landum,
450 2590 570 2649 ultonem
585 2588 805 2664 Brabantinum,
830 2590 961 2649 vidimus.

379 2694 459 2769 xxvij
480 2695 555 2768 Maji
573 2695 604 2753 in
631 2693 692 2754 ade
716 2696 745 2754 d.
768 2696 907 2755 Mauritio
931 2698 1014 2754 sucra‘
1041 2697 1195 2771 praelector
1221 2696 1291 2769 legit
1313 2701 1400 2770 eaput
1425 2699 1464 2753 16

287 2800 427 2877 Matthaei
441 2816 476 2859 ec
490 2800 589 2860 solitas
604 2800 820 2860 adhortationes
835 2806 865 2859 et
883 2802 1063 2874 precationes
1082 2799 1158 2859 iecit.
1188 2799 1300 2859 Deinde
1319 2800 1467 2860 Musonius

289 2906 426 2981 spiritum
440 2904 496 2964 Dei
510 2905 617 2964 bonum
631 2910 664 2965 ut
678 2905 761 2965 nobis
775 2906 856 2965 verbi
875 2906 963 2964 divim
983 2906 1188 2965 incrementum
1209 2905 1300 2979 daret,
1324 2906 1467 2965 invocavit

288 3018 321 3071 et
334 3028 373 3071 ex
387 3027 451 3083 cap.
471 3012 511 3069 15
526 3011 647 3070 loannis
662 3009 693 3069 id
707 3010 785 3084 quod
798 3028 851 3084 per
866 3012 978 3083 aliquot
992 3012 1165 3085 septimanas
1181 3010 1323 3082 tractauit,
1340 3011 1465 3083 repetiit.

288 3118 357 3177 Hoc
375 3120 472 3175 auum
493 3117 540 3175 die
557 3117 620 3175 hacc
639 3116 729 3176 verba
748 3117 830 3189 legit:
864 3116 916 3173 «In
937 3115 993 3175 hoo
1011 3114 1185 3189 glorificatus
1206 3120 1250 3174 est
1271 3121 1353 3189 pater
1375 3132 1464 3188 meus,

289 3229 325 3282 ut
337 3220 464 3281 fructum
479 3223 625 3296 copiosum
644 3220 772 3281 alienatis
792 3226 823 3279 et
842 3217 1004 3279 efficiamini
1025 3222 1081 3279 mei
1102 3220 1242 3292 discipuli.
1275 3220 1354 3279 Sicut
1368 3219 1468 3278 dilexit

289 3346 338 3388 me
351 3332 447 3403 patei,
470 3328 512 3386 ita
532 3333 561 3387 et
580 3345 634 3402 ego
656 3326 742 3385 dilexi
761 3339 821 3385 vos.
857 3322 976 3382 Meneta
995 3325 1026 3380 in
1045 3323 1197 3383 dilectione
1217 3338 1281 3381 mea
1301 3328 1375 3381 etc«
1412 3324 1468 3382 Hic

288 3432 492 3509 perordinem
512 3433 548 3492 de
569 3408 781 3506 comparatione
803 3429 908 3489 Christi
929 3434 959 3487 et
980 3444 1096 3487 suorum
1118 3427 1154 3485 ad
1176 3428 1262 3485 vitem
1284 3432 1313 3485 et
1334 3429 1466 3500 palmites

291 3538 375 3612 dixit,
386 3538 489 3612 jubens
502 3554 555 3596 nos
570 3554 606 3597 eo
619 3538 672 3596 niti
685 3535 799 3609 debere,
816 3540 850 3593 ut
869 3536 899 3591 in
919 3534 974 3592 hac
993 3535 1056 3606 ipsa
1075 3534 1133 3592 vite
1150 3548 1326 3592 maneremus
1342 3538 1371 3591 et
1385 3533 1415 3590 in
1431 3550 1466 3591 aa

290 3644 419 3703 maun
432 3641 567 3703 feramus.
589 3643 663 3700 Item
681 3641 824 3715 quomodo
840 3639 970 3697 dominus
985 3639 1076 3697 amica
1091 3644 1120 3697 et
1131 3637 1238 3696 blenda
1252 3638 1383 3695 oratione
1398 3652 1465 3695 suos

291 3750 436 3810 allexerit.
459 3748 486 3807 E
500 3754 600 3808 eontra
611 3748 689 3820 quod
699 3748 729 3804 in
742 3748 806 3819 ipsa
817 3746 876 3803 vite
887 3760 945 3809 non
955 3742 1135 3802 manentibus
1150 3742 1237 3801 aridis
1251 3746 1279 3801 et
1290 3739 1466 3814 infrugiferis
1485 3806 1489 3815 ⁸

291 3855 459 3931 palmitrlius
474 3856 512 3912 sit
526 3854 721 3911 comminatus.
752 3852 837 3910 Nune
852 3857 947 3909 autern
966 3850 1043 3908 hisce
1057 3849 1153 3908 verbis
1171 3847 1300 3907 Christus
1315 3846 1399 3906 docet
1412 3863 1465 3920 pu-

292 3966 370 4021 trem
382 3961 414 4018 in
436 3959 490 4018 hoe
512 3954 681 4032 glorificari,
706 3958 730 4015 si
743 3955 868 4015 fructum
883 3957 1002 4015 multum
1017 3956 1047 4013 in
1068 3952 1183 4013 Christo
1204 3950 1376 4012 adieramus.
1410 3952 1467 4010 Hic

293 4066 448 4126 adstruens
458 4064 601 4123 Christum
615 4080 673 4123 non
687 4063 811 4123 uoluisse
826 4077 893 4119 suos
905 4062 1030 4119 ociosum
1042 4064 1072 4117 et
1083 4060 1235 4133 reprobam
1246 4061 1335 4119 vitam
1352 4059 1465 4132 ducere,

293 4170 393 4230 sedin
410 4184 445 4243 ea
459 4186 544 4242 quam
560 4170 620 4242 ipse
631 4167 715 4243 jubet
728 4165 853 4227 lrnctum
867 4165 953 4225 ferre.
983 4165 1033 4224 Ait
1051 4164 1320 4225 autem'Museulus:
1336 4164 1466 4223 Christus

295 4265 427 4335 dominus
447 4291 465 4333 a
485 4274 705 4346 Mahometanis,
728 4272 838 4331 Judaeis
859 4272 905 4330 vel
927 4272 998 4344 aliis,
1023 4272 1073 4343 qni
1095 4285 1153 4328 non
1177 4275 1243 4329 sunt
1266 4270 1391 4342 inipso,
1416 4268 1467 4329 sed

293 4380 430 4455 palmites
444 4396 463 4437 a
477 4380 574 4454 stipite
589 4378 680 4438 evulsi
695 4384 725 4437 et
739 4381 822 4435 extra
835 4378 921 4442 vitem
940 4366 1128 4447 luxuriantes,
1153 4373 1263 4431 etiamsi
1277 4373 1466 4446 perditissime

294 4486 429 4557 vixerint,
453 4499 511 4541 non
527 4483 741 4543 dehonestatur.
773 4482 829 4541 Sed
843 4485 867 4539 ai
878 4467 944 4555 uos,
969 4482 1017 4555 qui
1037 4481 1098 4553 eJus
1113 4462 1226 4537 nomine
1246 4476 1423 4549 superbimus
1439 4482 1468 4535 et

293 4589 428 4662 palmites
448 4588 479 4646 in
497 4589 554 4646 vite
574 4594 786 4647 succrescentes
805 4589 835 4646 in
856 4586 980 4645 dedecus
1000 4584 1088 4643 divini
1107 4584 1228 4641 nominis
1247 4584 1335 4641 vitan
1354 4582 1467 4639 institu-

295 4709 420 4766 eremus,
443 4678 565 4753 id'dolet
583 4695 669 4768 patri,
692 4695 723 4752 in
740 4692 795 4752 hoe
813 4694 907 4767 gloria
921 4693 991 4766 ejus,
1016 4693 1152 4761 quantum
1169 4688 1206 4745 ad
1222 4686 1282 4767 nos,
1308 4700 1465 4744 commacu-

295 4801 382 4860 latur.
413 4797 489 4858 Nam
510 4804 644 4859 oretenus
664 4797 839 4859 solummodo
861 4795 1055 4857 Christianum
1075 4808 1169 4867 egere,
1193 4792 1262 4865 quid
1281 4792 1393 4866 attinet,
1417 4797 1467 4851 aut
