3700 5692
960 740 1024 805 las

402 926 551 1000 Aegyptus
566 925 604 983 sit
619 925 703 985 homo
720 928 749 983 et
763 941 822 984 non
835 925 925 1000 Deus,
950 924 1001 984 sed
1021 900 1054 983 tn
1073 940 1125 983 nos
1144 923 1198 983 aulo
1213 924 1342 984 homines
1361 921 1491 998 deiecisti.
1510 924 1557 983 lia

372 1034 379 1062 ‘
402 1031 570 1105 patientiam
590 1046 624 1088 ac
645 1027 730 1089 fidem
750 1048 784 1090 ac
804 1047 919 1090 causam
939 1030 1013 1089 hano
1032 1029 1125 1104 dirige
1146 1028 1299 1089 secundum
1321 1028 1474 1089 bonitatem
1490 1034 1557 1087 tuam

403 1152 546 1212 magnam.
578 1135 697 1195 Jussisti
711 1137 787 1193 enim
801 1153 888 1210 super
907 1141 937 1195 te
952 1136 1106 1209 rogitatum
1124 1141 1254 1196 nostrum
1270 1136 1391 1210 jactare,
1414 1150 1497 1207 quare
1511 1150 1558 1193 non

403 1240 503 1301 diffido
519 1242 589 1315 quin
604 1246 633 1300 et
647 1239 744 1301 iacies.

491 1346 619 1406 Joannes
633 1344 724 1406 frater
738 1353 835 1407 noster
851 1362 946 1405 comes
967 1347 1044 1420 apud
1064 1347 1205 1405 loannem
1226 1346 1405 1405 Frideritum
1425 1345 1560 1405 electorem

403 1458 533 1513 coenatns
548 1456 601 1526 est,
625 1454 719 1524 quiin
734 1454 793 1510 suis
812 1452 947 1525 periculis
967 1451 1012 1528 (ιιι
1026 1457 1070 1511 est
1082 1450 1226 1525 piissimus
1246 1450 1392 1527 princeps)
1408 1450 1560 1511 etiamalio

403 1564 589 1621 rumsortem
604 1558 746 1631 deplorat.

492 1663 614 1722 Domine
629 1664 723 1738 Deus,
749 1665 796 1723 cui
816 1664 894 1722 inter
915 1663 1082 1723 innumeras
1097 1662 1199 1723 laudes
1214 1669 1244 1723 et
1258 1664 1312 1723 hoc
1327 1664 1447 1725 encomii
1461 1661 1562 1738 proprie

404 1769 566 1843 ascribitur,
584 1769 661 1842 quod
676 1770 764 1844 erigis
779 1770 865 1828 elisos
880 1772 910 1827 et
921 1768 1011 1827 solvis
1026 1768 1212 1842 compeditos,
1228 1767 1384 1842 aliquando
1399 1774 1429 1829 et
1441 1770 1511 1827 hanc
1523 1772 1561 1824 tn·

404 1892 452 1933 um
467 1873 604 1933 famulum
619 1877 641 1934 Ι.
658 1875 693 1933 F.
710 1876 814 1947 libera,
838 1879 873 1933 ut.
885 1870 1057 1933 confiteatur
1080 1890 1185 1937 nomen
1198 1880 1282 1935 tmrm¹
1294 1882 1324 1935 et
1338 1873 1563 1951 magnificentiam
1639 1904 1640 1911 ι

403 1985 483 2039 tuam
498 1981 632 2041 celebret.
673 1981 707 2040 ld
721 1982 864 2055 enim-per
881 1985 972 2041 totum
990 1977 1172 2039 Germaniam
1187 1980 1310 2055 supplex
1323 1986 1376 2040 tna
1392 1981 1507 2040 ecelesia
1520 1994 1563 2053 per

405 2104 479 2160 eum,
497 2087 544 2147 cui
558 2088 629 2146 nihil
644 2093 801 2162 negaturus
817 2103 857 2160 ee,
873 2087 892 2146 J
894 2102 973 2145 esum
983 2085 1127 2145 Christum
1145 2086 1280 2145 dilectum
1294 2084 1384 2145 filium
1399 2091 1487 2161 tuum,
1502 2090 1563 2145 orat.

438 2262 443 2269 U
492 2192 582 2253 Funis
598 2193 786 2268 Angspurger
812 2191 938 2253 cantuar
961 2192 1020 2252 und
1043 2192 1165 2267 dreissig
1190 2186 1216 2249 ‘l‘t
1241 2194 1305 2255 hatt
1327 2192 1380 2253 der
1401 2191 1482 2253 Graii
1499 2208 1564 2252 ronn

404 2300 547 2375 Dengenn
563 2301 720 2375 gawigean.

457 2417 459 2424 ¹
493 2406 524 2479 iij
539 2406 620 2465 Junii
642 2407 673 2464 in
692 2405 800 2478 templo
815 2404 953 2465 Mauritii
969 2403 996 2463 d.
1012 2403 1161 2462 Musonius
1177 2418 1212 2463 ex
1226 2420 1289 2478 cap.
1309 2405 1349 2463 15
1364 2404 1485 2463 doannis
1502 2403 1565 2462 hunc

405 2518 517 2573 textum
525 2517 695 2586 prosecutus
705 2517 765 2570 est:
784 2511 867 2569 »Hoc
881 2515 926 2569 est
940 2514 1117 2586 praeceptum
1131 2527 1235 2583 meum,
1251 2516 1284 2570 ut
1300 2510 1428 2585 diligatis
1442 2510 1491 2571 vos
1504 2508 1565 2568 inri-

406 2635 476 2689 oem,
493 2616 567 2675 sient
586 2615 674 2674 dilexi
688 2631 748 2674 vos.
786 2616 930 2690 Majoram
951 2616 1005 2675 hac
1026 2616 1207 2676 dilectionem
1229 2633 1313 2677 nemo
1333 2617 1438 2693 habat,
1465 2621 1497 2675 ιιι
1514 2614 1566 2689 qais

406 2725 529 2782 animam
544 2729 625 2779 suam
638 2725 728 2793 ponat
743 2738 796 2794 pro
814 2722 910 2780 amicis
926 2722 1006 2781 suis«
1023 2727 1077 2781 etc.
1101 2722 1156 2781 Hic
1170 2723 1266 2782 multis
1282 2723 1318 2782 de
1333 2724 1474 2783 charitate
1487 2718 1570 2781 docuit

407 2834 438 2889 et
451 2825 594 2902 quomodo
610 2826 740 2885 Christus
766 2842 823 2885 non
838 2828 930 2886 solum
946 2826 1091 2901 docuerit,
1117 2828 1169 2887 sed
1185 2833 1214 2887 et
1227 2842 1261 2886 re
1275 2829 1339 2903 ipsa
1354 2828 1527 2903 praetiterit,
1547 2827 1570 2882 at

406 2935 474 2994 hinc
488 2933 650 3009 exemplum
664 2949 717 2991 nos
733 2946 845 3001 sumere
861 2931 977 2993 debere.
1007 2935 1074 2995 Non
1089 2936 1164 2994 enim
1180 2934 1337 2993 doctrinam
1353 2933 1422 2995 lidei
1437 2936 1508 2993 scire
1521 2928 1568 2989 sul-
1639 2928 1640 3001 g

405 3039 509 3113 licere,
533 3040 558 3099 si
571 3055 630 3098 non
652 3045 683 3097 et
696 3038 817 3096 alteram
831 3044 960 3113 partem,
982 3040 1036 3097 hoo
1050 3045 1108 3112 est,
1126 3056 1191 3113 quaa
1207 3039 1338 3099 dominus
1359 3039 1533 3115 praeceperit,
1547 3040 1570 3094 et
1639 3058 1640 3065 ι

409 3146 556 3219 suscipere
579 3149 608 3203 et
626 3143 786 3203 doctrinam
801 3144 893 3201 crucis
908 3144 1006 3203 subire
1020 3144 1153 3219 velimus,
1178 3146 1252 3206 sicut
1272 3151 1301 3205 et
1314 3148 1377 3221 ipsa
1393 3146 1520 3207 dominus
1534 3142 1568 3201 di·
1639 3119 1640 3140 Χ

384 3242 387 3248 ’
409 3251 498 3310 merit:
512 3251 575 3309 »lte
589 3248 969 3324 praedicantasevangelium
978 3250 1113 3310 docentes
1123 3266 1171 3309 eos
1182 3263 1298 3311 servare
1307 3252 1413 3325 omnia,
1429 3268 1493 3325 qnae
1506 3264 1568 3325 pre

409 3357 472 3433 cepi
486 3356 598 3417 robis«
638 3357 709 3415 Item
725 3372 811 3429 qnam
827 3357 983 3415 enormiter
997 3358 1040 3432 hi,
1058 3359 1107 3430 qui
1122 3374 1209 3417 unam
1221 3364 1339 3419 *tantum
1350 3363 1465 3434 partem
1479 3353 1568 3429 arripi·

411 3467 473 3537 nnt,
497 3466 624 3535 peccent.
662 3462 735 3520 Item
758 3460 835 3534 quod
850 3460 980 3520 Christus
1003 3478 1061 3521 non
1082 3468 1143 3522 tam
1163 3466 1337 3539 praeceperit
1353 3481 1441 3538 quam
1456 3460 1570 3533 exemplo

410 3570 544 3628 allexerit
558 3571 589 3627 et
603 3582 690 3639 quam
707 3564 901 3629 frustraneum
924 3567 962 3625 sit
976 3566 1105 3627 homines
1128 3570 1166 3629 ad
1182 3569 1363 3629 dilectionem
1378 3572 1424 3629 sui
1439 3583 1535 3644 cogere
1548 3568 1571 3622 at

411 3674 489 3748 quod
502 3675 583 3747 prius
599 3673 706 3732 dictum
722 3672 817 3747 potius
832 3672 1031 3745 magistratum
1045 3675 1158 3751 deceat,
1183 3677 1316 3735 nimirum
1336 3677 1449 3735 animos
1469 3686 1570 3735 suorum
1634 3688 1640 3733 ς

410 3781 526 3841 allicere
541 3785 572 3839 et
585 3795 688 3852 cogere
703 3781 733 3838 et
748 3778 878 3853 exemplo
895 3776 1001 3837 Christi
1016 3782 1112 3841 aliena
1130 3798 1190 3840 non
1203 3798 1255 3840 sua
1265 3798 1412 3857 ‚querere
1453 3774 1571 3840 Ostendit

411 3893 555 3961 praeterea
572 3901 635 3944 rem
656 3887 786 3945 odiosam
807 3902 871 3944 esse
885 3902 939 3945 sua
954 3887 1043 3947 solius
1058 3889 1364 3961 commoda'quaerere.
1401 3887 1473 3946 Haec
1486 3888 1570 3945 autem
1639 3888 1640 3971 l

411 3992 572 4052 doctissime
585 3994 617 4050 in
632 3993 704 4051 duas
719 3994 824 4051 classes
834 3993 962 4067 digessit,
978 3992 1045 4053 lieet
1056 4010 1109 4053 nos
1125 4010 1160 4053 ea
1174 3993 1359 4053 tumultuarie
1375 3993 1568 4068 scripserimus.
1639 3974 1640 3977 ¹

410 4098 452 4157 At
465 4100 507 4157 ait
521 4114 635 4172 quoqne
649 4096 934 4158 animadvertendum
950 4090 1030 4174 esse,
1039 4117 1096 4173 quo
1112 4100 1377 4174 temporeOhristus
1391 4100 1455 4159 haeo
1470 4095 1568 4164 dixerit

410 4205 519 4264 scilicet
534 4203 587 4262 sub
601 4201 632 4262 id
646 4205 782 4279 temporis
805 4185 870 4263 cunr
893 4220 1010 4264 carnem
1030 4224 1117 4265 suom·
1131 4207 1185 4266 sub
1207 4222 1282 4280 pane
1302 4210 1333 4267 et
1347 4207 1512 4281 sangninem
1526 4198 1569 4257 sub

408 4314 477 4371 vino
491 4312 521 4369 in
537 4311 690 4372 norissima
712 4328 795 4370 coena
814 4312 890 4371 inter
914 4312 1069 4387 discipulos
1088 4312 1283 4386 distribuerit,
1304 4312 1409 4386 jubens
1424 4306 1570 4384 idquotiss

409 4418 540 4478 lacerent
554 4419 585 4477 in
600 4419 768 4477 memoriam
782 4420 827 4477 sui
841 4417 914 4492 fieri,
939 4436 973 4478 ac
993 4418 1130 4493 postridie
1151 4419 1181 4477 id
1196 4418 1274 4491 quod
1287 4417 1403 4487 dixerat
1419 4416 1570 4492 expleturus

412 4529 484 4582 erat.
521 4524 617 4597 Atque
636 4525 682 4583 hic
705 4541 846 4599 quemque
870 4542 966 4646 secum
981 4524 1143 4597 expendere
1156 4522 1342 4599 jussit‘hujm
1356 4522 1484 4583 immensi
1497 4520 1570 4579 bene

411 4626 469 4687 licii
483 4629 644 4701 energiam,
669 4628 806 4703 quidnam
821 4632 859 4689 sit
873 4633 975 4705 vitam,
999 4648 1061 4689 ram
1084 4634 1184 4703 utpote
1199 4630 1408 4703 dulcissimam,
1418 4644 1478 4704 pro
1491 4624 1569 4686 antea

410 4732 572 4805 reliquisse.
595 4735 669 4793 Item
684 4736 865 4807 qnidanima
879 4737 909 4795 in
924 4737 1073 4810 scripturis
1089 4735 1211 4808 dicatur,
1227 4734 1372 4795 indicavit.
1394 4732 1454 4794 Eos
1470 4741 1569 4805 quoque

414 4838 597 4911 coarguebat,
614 4825 664 4912 qni
678 4842 872 4916 somniarunt,
895 4842 950 4901 hoc
971 4842 1036 4903 loco
1051 4840 1196 4903 Christum
1211 4841 1278 4901 solis
1294 4840 1430 4918 apostolis
1446 4837 1481 4897 de
1495 4834 1569 4895 dilet-
1592 4829 1596 4835 ’
