3700 5692
979 705 1026 770 76,

416 888 593 951 solummodo
607 895 640 949 nt
654 893 718 949 oret
731 884 834 949 infide
849 886 966 949 christi
997 884 1116 948 Duabus
1136 888 1232 955 ntem
1251 885 1339 949 rebus
1352 886 1568 949 est-stsbiliendc

405 997 519 1070 oratio,
534 1010 594 1053 una
605 1000 640 1054 nt
653 1010 740 1055 orans
754 996 927 1069 meminerit,
950 1010 981 1053 se
996 1008 1014 1052 e
1027 992 1091 1053 Deo
1105 1007 1159 1067 per
1172 992 1306 1053 meritum
1320 992 1426 1059 Ohr'eti
1440 994 1566 1069 emohu,

415 1102 445 1159 in
461 1116 517 1175 quo
530 1106 614 1175 peter
634 1116 667 1161 se
680 1117 733 1161 nos
747 1101 950 1161 exauditurum
969 1100 1149 1174 repromisit,
1173 1098 1267 1159 eltere
1289 1098 1365 1171 quod
1386 1098 1510 1159 Christum
1523 1116 1568 1169 nos

415 1223 500 1266 orare
512 1207 632 1280 iusserit
646 1210 677 1265 et
689 1205 757 1265 hnic
770 1207 910 1265 innitetur
924 1204 1113 1279 promissioni,
1131 1204 1208 1276 quod
1218 1202 1350 1263 dominus
1365 1204 1384 1264 J
1385 1220 1449 1263 esus
1462 1204 1567 1263 dixerit:

418 1307 1429 1385 «ommmdmueritieapeurenomiuemeo,uodonssdmitvobis.»
1447 1308 1568 1369 Oronten
1632 1350 1635 1357 -

416 1418 506 1491 igitur
520 1432 578 1476 non
593 1416 699 1477 debere
715 1416 855 1490 dubitare,
871 1417 945 1474 sicut
959 1431 1035 1475 nunc
1049 1413 1178 1473 nonnulli
1189 1414 1292 1475 docent
1300 1418 1356 1483 etet
1379 1414 1451 1473 item
1464 1430 1514 1473 neo
1526 1430 1569 1473 nus

416 1527 524 1583 nosue
544 1523 677 1596 justitiae,
701 1520 839 1596 probitati
857 1525 908 1579 unt
927 1519 1071 1581 devofioni
1095 1520 1154 1579 sive
1174 1520 1326 1580 martioni
1345 1519 1429 1581 bone
1442 1519 1569 1579 inherere

415 1630 564 1703 oportere,
592 1632 643 1686 aut
662 1626 749 1686 elium
774 1630 881 1701 preter
901 1624 1048 1692 Christum
1071 1627 1275 1701 opitulatorem
1295 1627 1341 1687 vel
1365 1627 1570 1686 intercessorem

415 1749 555 1807 quarere.
589 1731 663 1805 sou,
688 1733 816 1807 montes,
845 1731 915 1806 quid
937 1731 1091 1807 petendum
1119 1737 1170 1791 sut
1191 1730 1332 1805 quomodo
1357 1732 1497 1793 erendum
1513 1729 1570 1791 esti

344 1891 352 1913 ,
417 1837 565 1899 Orandnm
580 1844 632 1912 cst,
649 1838 750 1912 inquit,
766 1838 820 1897 tibi
829 1839 915 1912 juxte
929 1838 1128 1914 prescriptum
1135 1836 1241 1897 Christi
1255 1842 1284 1897 et
1292 1838 1469 1900 summum
1481 1838 1569 1913 petis,

413 1945 457 2003 sio
477 1945 553 2004 enim
576 1942 738 2003 exaudieris
761 1960 815 2030 nec
834 1944 909 2003 nllus
928 1959 1055 2017 umquem
1076 1944 1178 2004 melior
1193 1944 1336 2017 magister
1349 1942 1440 2003 fuemt
1452 1943 1569 2017 presen-

415 2047 502 2110 bendi
519 2048 635 2109 modum
654 2050 809 2123 orationis,
836 2064 871 2109 eo
890 2048 1022 2109 Christus
1037 2050 1108 2123 ipse.
1141 2048 1216 2109 Nem
1235 2050 1265 2109 in
1279 2050 1412 2110 cratone
1435 2048 1569 2121 dominice

415 2170 593 2229 quecunque
612 2154 667 2214 Dei
689 2155 781 2228 patris
802 2152 940 2215 honorem
963 2162 993 2215 et
1006 2154 1181 2215 sumtuum
1196 2158 1226 2213 et
1239 2160 1305 2215 tues
1319 2157 1503 2215 necessitates
1515 2168 1570 2213 oon·

414 2266 545 2334 cernunt,
568 2258 664 2320 hebes.
703 2259 734 2320 Si
753 2260 929 2334 interroges:
956 2258 1031 2332 Quid
1051 2263 1147 2319 eutem
1169 2274 1297 2333 quanm
1319 2262 1351 2320 iu
1372 2260 1570 2321 ιιιιιιιιιιιιιιιιι

415 2365 570 2428 erumnis?
594 2365 696 2446 Quaere
712 2363 855 2425 Christum
877 2380 959 2439 eque
975 2381 1009 2425 ee
1023 2366 1054 2424 in
1068 2366 1224 2441 prosperis,
1247 2372 1275 2425 et
1297 2366 1383 2441 pulsu
1401 2366 1457 2427 hoe
1470 2367 1568 2427 ostium.

413 2474 481 2549 Ipse
495 2472 571 2532 enim
586 2478 631 2531 est
645 2471 765 2544 ostium,
785 2486 840 2546 per
853 2470 931 2545 qued
943 2472 995 2544 qui
1010 2486 1068 2530 nou
1082 2471 1240 2544 introierit,
1266 2469 1360 2531 Deum
1379 2472 1487 2535 nictit
1507 2487 1568 2530 nun·

414 2594 508 2653 quem.
545 2579 612 2651 Ipse
633 2578 700 2650 ne,
718 2576 828 2635 ,ventes
849 2582 880 2636 et
900 2578 969 2637 vitu
998 2574 1080 2648 Quod
1095 2590 1211 2649 quoqne
1229 2591 1329 2635 sursus
1344 2576 1476 2647 dominre
1493 2574 1570 2637 verbs
1638 2556 1639 2565 ἵ

412 2700 467 2743 suu
480 2682 586 2756 repetit
600 2680 710 2740 dicem:
735 2680 790 2753 Qui
809 2682 898 2755 petit,
920 2681 1126 2756 coepissem,
1156 2685 1201 2740 est
1220 2698 1257 2741 ex
1274 2679 1416 2741 meffabili
1433 2681 1570 2743 musteus

413 2790 506 2847 nostri
520 2787 592 2847 Jesn
608 2784 713 2845 Obristi
729 2802 799 2861 erge
812 2800 865 2845 nos
880 2786 1022 2847 charitate
1036 2786 1205 2862 proiectum,
1226 2803 1283 2861 qno
1306 2804 1360 2848 nos
1374 2794 1436 2848 tem
1450 2788 1570 2849 mortius

412 2891 658 2969 promissionibusv
669 2890 706 2951 ud
728 2892 870 2951 instanter
889 2890 1032 2952 orandum
1045 2892 1185 2953 ellicum.
1226 2892 1389 2953 Ostendens
1410 2895 1487 2968 quod
1499 2898 1570 2969 peter

412 2998 538 3059 ooelestis
553 2997 663 3056 nullum
676 2998 836 3072 rejecturus
851 2997 898 3071 sit,
913 2997 1109 3071 omuscunque
1123 2997 1293 3059 conditionis
1307 3000 1356 3073 sit,
1372 2999 1458 3060 medo
1473 3015 1507 3059 ex
1519 2996 1567 3059 fide

411 3102 544 3161 meritum
560 3108 589 3162 et
601 3102 820 3177 promissionem
836 3098 944 3161 Christi
962 3103 1096 3163 oraverit.
1120 3103 1209 3163 Orate
1223 3105 1312 3179 igitur
1325 3104 1356 3163 in
1370 3104 1499 3166 omnibus
1511 3119 1568 3178 pro

412 3209 504 3283 speris
519 3213 548 3267 et
562 3206 691 3268 adversis
706 3212 736 3267 et
749 3206 862 3267 unicam
876 3207 999 3282 gloriam
1016 3208 1123 3269 Christi
1138 3214 1167 3271 et
1181 3211 1303 3271 smutem
1321 3219 1449 3273 vestrum
1463 3210 1569 3287 orente

412 3320 441 3375 et
449 3313 614 3382 ardentibus
623 3315 698 3375 votis
707 3314 811 3374 ostium
819 3314 935 3373 unicum
944 3315 982 3375 ed
990 3314 1078 3375 vitam
1087 3316 1208 3390 pulsate.
1224 3316 1379 3377 Hocnobis
1390 3316 1570 3389 donetbsuig·

389 3432 393 3438 ·
413 3423 548 3481 missimus
562 3427 647 3495 pater
659 3420 785 3481 coeiestis
797 3436 849 3495 per
861 3421 962 3481 desum
973 3419 1063 3481 filium
1075 3436 1158 3481 suum
1171 3420 1313 3484 dominum
1325 3428 1466 3483 noenum:
1479 3422 1568 3501 tmen
1638 3412 1639 3417 ’

502 3514 628 3587 Ostende
651 3515 733 3600 mihi,
760 3524 990 3600 domine-viem
1004 3532 1097 3601 tuum,
1122 3532 1155 3587 nt
1173 3526 1315 3587 ambulem
1333 3528 1365 3585 in
1386 3529 1567 3598 venustos,

412 3628 550 3693 oonfirma
569 3648 620 3691 cor
639 3646 734 3691 meum
753 3630 837 3691 unico
852 3631 941 3692 verbo
957 3638 1024 3707 tuo,
1045 3638 1078 3691 ut
1092 3617 1205 3707 semper
1218 3636 1249 3693 et
1262 3632 1368 3706 ubique
1382 3648 1487 3693 nomen
1500 3637 1569 3691 ιιιιιιιι

410 3752 540 3797 venerer.
573 3736 622 3809 Et,
638 3735 752 3795 domine
767 3736 846 3795 Deus
860 3752 981 3813 magne,
1003 3739 1082 3799 boue
1094 3743 1124 3797 et
1137 3737 1309 3812 misericors,
1332 3738 1358 3797 si
1372 3736 1568 3813 beneplacitum
1638 3752 1639 3803 ι

410 3841 464 3901 tibi
477 3838 540 3913 tuit,
556 3854 656 3899 servos
669 3845 735 3900 tuos
748 3842 780 3900 in
792 3841 940 3915 Bebylone
956 3858 1009 3917 per
1023 3843 1043 3903 J
1044 3842 1177 3903 eremium
1197 3842 1352 3911 wmonere
1367 3857 1453 3903 orere
1467 3856 1518 3917 pro
1530 3854 1568 3899 se
1638 3884 1639 3915 ,

410 3945 471 4003 inte
484 3945 564 4018 regis
579 3945 670 4020 iilius,
695 3962 773 4005 nnnc
792 3961 907 4020 qnoque
929 3952 959 4007 et
973 3951 1031 4007 tue
1051 3952 1181 4022 paterne
1194 3948 1337 4007 colonati
1355 3963 1415 4008 non
1425 3947 1568 4023 displicere
1638 3928 1639 4017 Ῑ

410 4046 578 4108 confidimus
597 4054 627 4108 te
650 4055 680 4111 et
700 4067 752 4125 pro
776 4050 937 4111 domesticis
960 4052 1067 4111 nostris
1087 4067 1181 4112 orere.
1219 4052 1310 4127 igitur
1329 4052 1510 4113 obmeritum
1523 4048 1567 4109 tilii

408 4154 452 4215 tui
468 4153 644 4214 dilectissimi
659 4154 767 4214 domini
782 4156 874 4216 nostri
883 4155 961 4218 ›dmn
976 4154 1082 4215 christi
1103 4163 1132 4217 et
1145 4158 1363 4234 promissionum
1376 4163 1406 4218 et
1419 4160 1499 4233 jusso
1515 4160 1567 4227 tus.

410 4260 459 4333 qui
482 4259 596 4319 mentiri
621 4276 678 4319 nun
693 4265 792 4335 potes,
816 4276 853 4319 ex
872 4261 937 4319 imis
957 4260 1045 4321 enimi
1061 4262 1138 4331 uotis
1161 4264 1365 4339 deprecemur,
1386 4258 1566 4345 imperctouis

409 4380 511 4440 regum
525 4371 556 4425 et
568 4366 788 4441 magistratuum
806 4372 978 4441 nostorum,
995 4367 1048 4428 sub
1058 4372 1180 4441 quorum
1193 4373 1363 4443 potestaten
1379 4384 1432 4429 nos
1446 4366 1566 4440 cedrus

409 4470 537 4545 ιιιιιιίιιί,
560 4472 698 4531 miserere
717 4471 873 4531 secundumn
892 4473 1102 4535 misericordius
1122 4481 1190 4533 tuse
1205 4475 1508 4550 enhquasprincipum
1521 4483 1564 4528 no

409 4574 536 4635 suorum
550 4576 735 4651 captiuorum,
752 4576 907 4637 recordere
921 4583 952 4637 et
965 4580 1057 4639 nostri
1072 4583 1102 4639 et
1113 4578 1192 4639 domi
1205 4579 1407 4640 derelictorum
1422 4578 1500 4657 (quis
1513 4588 1564 4639 oth

411 4694 463 4739 nes
476 4680 600 4755 populus
614 4685 682 4740 tuus
696 4687 727 4741 et
738 4672 937 4757 ores‘pescnae
952 4688 1010 4741 tuoe
1025 4682 1135 4760 sumus)
1150 4690 1301 4760 peternam
1314 4700 1412 4745 curum
1424 4684 1504 4749 heht·
1523 4678 1564 4738 ld·

411 4796 469 4855 que
480 4784 587 4843 iterum
595 4789 694 4858 ιιιιιιιι,
707 4786 812 4845 iterum
827 4802 884 4861 -per
894 4786 1077 4855 ‚mohsmom
1095 4787 1148 4851 iiii
1162 4792 1206 4859 tui
1219 4790 1420 4869 triumphalem
1434 4784 1565 4855 ”ttulit
