<?xml version="1.0" encoding="UTF-8"?>
<!DOCTYPE html PUBLIC "-//W3C//DTD XHTML 1.0 Transitional//EN"
    "http://www.w3.org/TR/xhtml1/DTD/xhtml1-transitional.dtd">
<html xmlns="http://www.w3.org/1999/xhtml" xml:lang="en" lang="en">
 <head>
  <title>
</title>
<meta http-equiv="Content-Type" content="text/html;charset=utf-8" />
  <meta name='ocr-system' content='tesseract 3.04.00' />
  <meta name='ocr-capabilities' content='ocr_page ocr_carea ocr_par ocr_line ocrx_word'/>
</head>
<body>
  <div class='ocr_page' id='page_1' title='image "./scherzgedichte01laurgoog_0527.png"; bbox 0 0 3700 5692; ppageno 0'>
   <div class='ocr_carea' id='block_1_1' title="bbox 932 723 993 789">
    <p class='ocr_par' dir='ltr' id='par_1_1' title="bbox 932 723 993 789">
     <span class='ocr_line' id='line_1_1' title="bbox 932 723 993 789; baseline -0.033 -1"><span class='ocrx_word' id='word_1_1' title='bbox 932 723 993 789; x_wconf 75' lang='lat'>186</span> 
     </span>
    </p>
   </div>
   <div class='ocr_carea' id='block_1_2' title="bbox 333 902 1548 4845">
    <p class='ocr_par' dir='ltr' id='par_1_2' title="bbox 371 902 1548 1084">
     <span class='ocr_line' id='line_1_2' title="bbox 460 902 1548 977; baseline -0.005 -9"><span class='ocrx_word' id='word_1_2' title='bbox 460 909 569 968; x_wconf 83' lang='lat' dir='ltr'>Eadem</span> <span class='ocrx_word' id='word_1_3' title='bbox 592 908 772 967; x_wconf 77' lang='lat' dir='ltr'>amanuensis</span> <span class='ocrx_word' id='word_1_4' title='bbox 799 906 849 965; x_wconf 91' lang='lat' dir='ltr'>illc</span> <span class='ocrx_word' id='word_1_5' title='bbox 873 905 971 965; x_wconf 87' lang='lat' dir='ltr'>attulit</span> <span class='ocrx_word' id='word_1_6' title='bbox 993 906 1130 977; x_wconf 88' lang='lat' dir='ltr'>scriptum</span> <span class='ocrx_word' id='word_1_7' title='bbox 1158 902 1374 977; x_wconf 81' lang='lat' dir='ltr'><strong>supplicationis</strong></span> <span class='ocrx_word' id='word_1_8' title='bbox 1398 902 1548 963; x_wconf 85' lang='lat' dir='ltr'>civitatum</span> 
     </span>
     <span class='ocr_line' id='line_1_3' title="bbox 371 1010 1113 1084; baseline -0.009 -10"><span class='ocrx_word' id='word_1_9' title='bbox 371 1019 475 1074; x_wconf 87' lang='lat' dir='ltr'>contra</span> <span class='ocrx_word' id='word_1_10' title='bbox 488 1014 653 1072; x_wconf 86' lang='lat' dir='ltr'>intricatum</span> <span class='ocrx_word' id='word_1_11' title='bbox 665 1013 791 1084; x_wconf 86' lang='lat' dir='ltr'>interim,</span> <span class='ocrx_word' id='word_1_12' title='bbox 807 1013 918 1084; x_wconf 87' lang='lat' dir='ltr'>accepit</span> <span class='ocrx_word' id='word_1_13' title='bbox 932 1010 1030 1069; x_wconf 86' lang='lat' dir='ltr'>batzos</span> <span class='ocrx_word' id='word_1_14' title='bbox 1044 1015 1113 1068; x_wconf 88' lang='lat' dir='ltr'>tres.</span> 
     </span>
    </p>

    <p class='ocr_par' dir='ltr' id='par_1_3' title="bbox 369 1112 1547 1400">
     <span class='ocr_line' id='line_1_4' title="bbox 459 1112 1546 1190; baseline -0.006 -14"><span class='ocrx_word' id='word_1_15' title='bbox 459 1117 572 1176; x_wconf 82' lang='lat' dir='ltr'>Eadem</span> <span class='ocrx_word' id='word_1_16' title='bbox 589 1116 689 1190; x_wconf 88' lang='lat' dir='ltr'>primae</span> <span class='ocrx_word' id='word_1_17' title='bbox 708 1115 797 1175; x_wconf 84' lang='lat' dir='ltr'>foetus</span> <span class='ocrx_word' id='word_1_18' title='bbox 815 1133 908 1190; x_wconf 83' lang='lat' dir='ltr'>nuper</span> <span class='ocrx_word' id='word_1_19' title='bbox 928 1115 990 1173; x_wconf 87' lang='lat' dir='ltr'>nati</span> <span class='ocrx_word' id='word_1_20' title='bbox 1011 1114 1125 1173; x_wconf 78' lang='lat' dir='ltr'>interim</span> <span class='ocrx_word' id='word_1_21' title='bbox 1149 1112 1318 1187; x_wconf 86' lang='lat' dir='ltr'>prostabant</span> <span class='ocrx_word' id='word_1_22' title='bbox 1333 1116 1445 1171; x_wconf 78' lang='lat' dir='ltr'>etanta</span> <span class='ocrx_word' id='word_1_23' title='bbox 1461 1112 1546 1169; x_wconf 86' lang='lat' dir='ltr'>meri-</span> 
     </span>
     <span class='ocr_line' id='line_1_5' title="bbox 371 1219 1547 1296; baseline -0.005 -15"><span class='ocrx_word' id='word_1_24' title='bbox 371 1223 446 1281; x_wconf 87' lang='lat' dir='ltr'>diem</span> <span class='ocrx_word' id='word_1_25' title='bbox 461 1223 556 1281; x_wconf 90' lang='lat' dir='ltr'>omnia</span> <span class='ocrx_word' id='word_1_26' title='bbox 570 1221 745 1296; x_wconf 86' lang='lat' dir='ltr'>exemplaria</span> <span class='ocrx_word' id='word_1_27' title='bbox 759 1220 897 1279; x_wconf 85' lang='lat' dir='ltr'>distracta</span> <span class='ocrx_word' id='word_1_28' title='bbox 911 1223 987 1278; x_wconf 87' lang='lat' dir='ltr'>sunt.</span> <span class='ocrx_word' id='word_1_29' title='bbox 1018 1219 1258 1292; x_wconf 86' lang='lat' dir='ltr'>Imprimebantur</span> <span class='ocrx_word' id='word_1_30' title='bbox 1273 1222 1380 1291; x_wconf 88' lang='lat' dir='ltr'>autem,</span> <span class='ocrx_word' id='word_1_31' title='bbox 1396 1221 1547 1275; x_wconf 84' lang='lat' dir='ltr'>aetantes</span> 
     </span>
     <span class='ocr_line' id='line_1_6' title="bbox 369 1323 1175 1400; baseline -0.005 -16"><span class='ocrx_word' id='word_1_32' title='bbox 369 1326 459 1388; x_wconf 87' lang='lat' dir='ltr'>foetus</span> <span class='ocrx_word' id='word_1_33' title='bbox 473 1329 592 1400; x_wconf 88' lang='lat' dir='ltr'>periret,</span> <span class='ocrx_word' id='word_1_34' title='bbox 608 1328 687 1385; x_wconf 89' lang='lat' dir='ltr'>intra</span> <span class='ocrx_word' id='word_1_35' title='bbox 700 1327 780 1385; x_wconf 83' lang='lat' dir='ltr'>breri</span> <span class='ocrx_word' id='word_1_36' title='bbox 795 1327 852 1384; x_wconf 90' lang='lat' dir='ltr'>tria</span> <span class='ocrx_word' id='word_1_37' title='bbox 866 1325 956 1381; x_wconf 87' lang='lat' dir='ltr'>millia</span> <span class='ocrx_word' id='word_1_38' title='bbox 971 1323 1175 1395; x_wconf 90' lang='lat' dir='ltr'>exemplorum.</span> 
     </span>
    </p>

    <p class='ocr_par' dir='ltr' id='par_1_4' title="bbox 370 1426 1547 1698">
     <span class='ocr_line' id='line_1_7' title="bbox 458 1426 1547 1504; baseline -0.004 -15"><span class='ocrx_word' id='word_1_39' title='bbox 458 1432 546 1504; x_wconf 81' lang='lat' dir='ltr'>Apud</span> <span class='ocrx_word' id='word_1_40' title='bbox 560 1432 692 1490; x_wconf 89' lang='lat' dir='ltr'>comitem</span> <span class='ocrx_word' id='word_1_41' title='bbox 705 1448 724 1489; x_wconf 90' lang='lat' dir='ltr'>a</span> <span class='ocrx_word' id='word_1_42' title='bbox 738 1430 854 1488; x_wconf 85' lang='lat' dir='ltr'>Nassau</span> <span class='ocrx_word' id='word_1_43' title='bbox 868 1444 961 1487; x_wconf 88' lang='lat' dir='ltr'>comes</span> <span class='ocrx_word' id='word_1_44' title='bbox 977 1446 994 1487; x_wconf 88' lang='lat' dir='ltr'>a</span> <span class='ocrx_word' id='word_1_45' title='bbox 1009 1428 1095 1498; x_wconf 89' lang='lat' dir='ltr'>Zorn,</span> <span class='ocrx_word' id='word_1_46' title='bbox 1120 1427 1169 1498; x_wconf 89' lang='lat' dir='ltr'>qui</span> <span class='ocrx_word' id='word_1_47' title='bbox 1184 1426 1289 1498; x_wconf 88' lang='lat' dir='ltr'>etipse</span> <span class='ocrx_word' id='word_1_48' title='bbox 1304 1442 1381 1485; x_wconf 90' lang='lat' dir='ltr'>anno</span> <span class='ocrx_word' id='word_1_49' title='bbox 1395 1426 1547 1498; x_wconf 82' lang='lat' dir='ltr'>superiore</span> 
     </span>
     <span class='ocr_line' id='line_1_8' title="bbox 370 1528 1546 1609; baseline -0.005 -14"><span class='ocrx_word' id='word_1_50' title='bbox 370 1536 546 1607; x_wconf 85' lang='lat' dir='ltr'>expeditioni</span> <span class='ocrx_word' id='word_1_51' title='bbox 560 1536 775 1609; x_wconf 73' lang='lat' dir='ltr'>Boccolmaritae</span> <span class='ocrx_word' id='word_1_52' title='bbox 790 1533 972 1606; x_wconf 82' lang='lat' dir='ltr'>interfuerat,</span> <span class='ocrx_word' id='word_1_53' title='bbox 988 1528 1087 1591; x_wconf 88' lang='lat' dir='ltr'>adfuit.</span> <span class='ocrx_word' id='word_1_54' title='bbox 1119 1531 1262 1590; x_wconf 85' lang='lat' dir='ltr'>Sertorius</span> <span class='ocrx_word' id='word_1_55' title='bbox 1277 1530 1433 1589; x_wconf 84' lang='lat' dir='ltr'>Basilaeam</span> <span class='ocrx_word' id='word_1_56' title='bbox 1447 1548 1546 1591; x_wconf 83' lang='lat' dir='ltr'>rerer·</span> 
     </span>
     <span class='ocr_line' id='line_1_9' title="bbox 371 1639 548 1698; baseline 0 -1"><span class='ocrx_word' id='word_1_57' title='bbox 371 1656 421 1697; x_wconf 90' lang='lat' dir='ltr'>sus</span> <span class='ocrx_word' id='word_1_58' title='bbox 435 1639 548 1698; x_wconf 89' lang='lat' dir='ltr'>dicitur.</span> 
     </span>
    </p>

    <p class='ocr_par' dir='ltr' id='par_1_5' title="bbox 368 1739 1547 2548">
     <span class='ocr_line' id='line_1_10' title="bbox 459 1739 1546 1815; baseline -0.002 -14"><span class='ocrx_word' id='word_1_59' title='bbox 459 1743 577 1801; x_wconf 87' lang='lat' dir='ltr'>Aulicus</span> <span class='ocrx_word' id='word_1_60' title='bbox 596 1743 713 1815; x_wconf 88' lang='lat' dir='ltr'>quidam</span> <span class='ocrx_word' id='word_1_61' title='bbox 737 1744 820 1802; x_wconf 88' lang='lat' dir='ltr'>colax</span> <span class='ocrx_word' id='word_1_62' title='bbox 842 1741 910 1799; x_wconf 92' lang='lat' dir='ltr'>dum</span> <span class='ocrx_word' id='word_1_63' title='bbox 931 1740 1050 1799; x_wconf 86' lang='lat' dir='ltr'>Carolus</span> <span class='ocrx_word' id='word_1_64' title='bbox 1069 1756 1159 1799; x_wconf 84' lang='lat' dir='ltr'>caesar</span> <span class='ocrx_word' id='word_1_65' title='bbox 1177 1740 1309 1814; x_wconf 89' lang='lat' dir='ltr'>proxima</span> <span class='ocrx_word' id='word_1_66' title='bbox 1327 1739 1432 1812; x_wconf 86' lang='lat' dir='ltr'>hyeme</span> <span class='ocrx_word' id='word_1_67' title='bbox 1453 1740 1546 1799; x_wconf 83' lang='lat' dir='ltr'>Ulmte</span> 
     </span>
     <span class='ocr_line' id='line_1_11' title="bbox 370 1844 1544 1920; baseline -0.003 -14"><span class='ocrx_word' id='word_1_68' title='bbox 370 1848 434 1906; x_wconf 91' lang='lat' dir='ltr'>dies</span> <span class='ocrx_word' id='word_1_69' title='bbox 448 1848 559 1920; x_wconf 76' lang='lat' dir='ltr'>aliquot</span> <span class='ocrx_word' id='word_1_70' title='bbox 572 1852 805 1918; x_wconf 88' lang='lat' dir='ltr'>commoraretur,</span> <span class='ocrx_word' id='word_1_71' title='bbox 824 1846 951 1904; x_wconf 89' lang='lat' dir='ltr'>libellum</span> <span class='ocrx_word' id='word_1_72' title='bbox 965 1846 1067 1903; x_wconf 83' lang='lat' dir='ltr'>caesari</span> <span class='ocrx_word' id='word_1_73' title='bbox 1082 1844 1179 1903; x_wconf 89' lang='lat' dir='ltr'>attulit</span> <span class='ocrx_word' id='word_1_74' title='bbox 1194 1844 1351 1916; x_wconf 88' lang='lat' dir='ltr'>aquodam</span> <span class='ocrx_word' id='word_1_75' title='bbox 1367 1846 1544 1919; x_wconf 78' lang='lat' dir='ltr'>ecclesiaste,</span> 
     </span>
     <span class='ocr_line' id='line_1_12' title="bbox 371 1949 1547 2025; baseline -0.002 -14"><span class='ocrx_word' id='word_1_76' title='bbox 371 1957 405 2011; x_wconf 92' lang='lat' dir='ltr'>ut</span> <span class='ocrx_word' id='word_1_77' title='bbox 418 1952 464 2010; x_wconf 91' lang='lat' dir='ltr'>bic</span> <span class='ocrx_word' id='word_1_78' title='bbox 479 1954 560 2011; x_wconf 88' lang='lat' dir='ltr'>colax</span> <span class='ocrx_word' id='word_1_79' title='bbox 574 1954 729 2025; x_wconf 85' lang='lat' dir='ltr'>retulerat,</span> <span class='ocrx_word' id='word_1_80' title='bbox 755 1952 785 2009; x_wconf 91' lang='lat' dir='ltr'>in</span> <span class='ocrx_word' id='word_1_81' title='bbox 805 1952 1005 2009; x_wconf 88' lang='lat' dir='ltr'>contumeliam</span> <span class='ocrx_word' id='word_1_82' title='bbox 1027 1950 1207 2021; x_wconf 87' lang='lat' dir='ltr'>imperatoris</span> <span class='ocrx_word' id='word_1_83' title='bbox 1229 1949 1431 2022; x_wconf 88' lang='lat' dir='ltr'>conscriptum,</span> <span class='ocrx_word' id='word_1_84' title='bbox 1455 1950 1547 2009; x_wconf 84' lang='lat' dir='ltr'>multa</span> 
     </span>
     <span class='ocr_line' id='line_1_13' title="bbox 369 2053 1546 2126; baseline -0.002 -11"><span class='ocrx_word' id='word_1_85' title='bbox 369 2057 554 2115; x_wconf 84' lang='lat' dir='ltr'>deblaterans</span> <span class='ocrx_word' id='word_1_86' title='bbox 567 2058 605 2116; x_wconf 91' lang='lat' dir='ltr'>de</span> <span class='ocrx_word' id='word_1_87' title='bbox 620 2056 730 2115; x_wconf 82' lang='lat' dir='ltr'>famoso</span> <span class='ocrx_word' id='word_1_88' title='bbox 743 2057 799 2114; x_wconf 92' lang='lat' dir='ltr'>hoc</span> <span class='ocrx_word' id='word_1_89' title='bbox 812 2055 920 2126; x_wconf 81' lang='lat' dir='ltr'>libello,</span> <span class='ocrx_word' id='word_1_90' title='bbox 938 2056 1112 2126; x_wconf 81' lang='lat' dir='ltr'>existimem,</span> <span class='ocrx_word' id='word_1_91' title='bbox 1135 2053 1249 2111; x_wconf 78' lang='lat' dir='ltr'>cesaris</span> <span class='ocrx_word' id='word_1_92' title='bbox 1265 2055 1390 2111; x_wconf 85' lang='lat' dir='ltr'>aularum</span> <span class='ocrx_word' id='word_1_93' title='bbox 1405 2054 1546 2113; x_wconf 86' lang='lat' dir='ltr'>adversus</span> 
     </span>
     <span class='ocr_line' id='line_1_14' title="bbox 370 2158 1546 2231; baseline -0.001 -12"><span class='ocrx_word' id='word_1_94' title='bbox 370 2162 581 2225; x_wconf 84' lang='lat' dir='ltr'>autoremlibri</span> <span class='ocrx_word' id='word_1_95' title='bbox 596 2162 809 2220; x_wconf 83' lang='lat' dir='ltr'>concitatiorem</span> <span class='ocrx_word' id='word_1_96' title='bbox 823 2160 956 2218; x_wconf 88' lang='lat' dir='ltr'>reddere.</span> <span class='ocrx_word' id='word_1_97' title='bbox 990 2159 1030 2217; x_wconf 93' lang='lat' dir='ltr'>At</span> <span class='ocrx_word' id='word_1_98' title='bbox 1043 2174 1134 2216; x_wconf 86' lang='lat' dir='ltr'>caesar</span> <span class='ocrx_word' id='word_1_99' title='bbox 1146 2159 1343 2231; x_wconf 87' lang='lat' dir='ltr'>interrogarit,</span> <span class='ocrx_word' id='word_1_100' title='bbox 1359 2158 1546 2230; x_wconf 79' lang='lat' dir='ltr'>quandonam</span> 
     </span>
     <span class='ocr_line' id='line_1_15' title="bbox 369 2261 1545 2341; baseline -0.002 -18"><span class='ocrx_word' id='word_1_101' title='bbox 369 2263 418 2323; x_wconf 92' lang='lat' dir='ltr'>hic</span> <span class='ocrx_word' id='word_1_102' title='bbox 430 2266 504 2324; x_wconf 89' lang='lat' dir='ltr'>liber</span> <span class='ocrx_word' id='word_1_103' title='bbox 517 2268 695 2341; x_wconf 85' lang='lat' dir='ltr'>conscriptus</span> <span class='ocrx_word' id='word_1_104' title='bbox 711 2264 777 2325; x_wconf 78' lang='lat' dir='ltr'>est?</span> <span class='ocrx_word' id='word_1_105' title='bbox 796 2264 938 2322; x_wconf 87' lang='lat' dir='ltr'>Adulator</span> <span class='ocrx_word' id='word_1_106' title='bbox 953 2261 1026 2334; x_wconf 92' lang='lat' dir='ltr'>infit,</span> <span class='ocrx_word' id='word_1_107' title='bbox 1042 2262 1171 2334; x_wconf 91' lang='lat' dir='ltr'>proximo</span> <span class='ocrx_word' id='word_1_108' title='bbox 1187 2264 1284 2334; x_wconf 85' lang='lat' dir='ltr'>elapso</span> <span class='ocrx_word' id='word_1_109' title='bbox 1297 2262 1431 2335; x_wconf 83' lang='lat' dir='ltr'>Augusto</span> <span class='ocrx_word' id='word_1_110' title='bbox 1446 2280 1545 2322; x_wconf 86' lang='lat' dir='ltr'>mense</span> 
     </span>
     <span class='ocr_line' id='line_1_16' title="bbox 368 2366 1545 2441; baseline -0.001 -15"><span class='ocrx_word' id='word_1_111' title='bbox 368 2371 510 2441; x_wconf 89' lang='lat' dir='ltr'>scriptum</span> <span class='ocrx_word' id='word_1_112' title='bbox 524 2386 596 2429; x_wconf 76' lang='lat' dir='ltr'>esse,</span> <span class='ocrx_word' id='word_1_113' title='bbox 634 2371 681 2428; x_wconf 79' lang='lat' dir='ltr'>Ad</span> <span class='ocrx_word' id='word_1_114' title='bbox 694 2371 758 2427; x_wconf 86' lang='lat' dir='ltr'>haec</span> <span class='ocrx_word' id='word_1_115' title='bbox 771 2386 874 2427; x_wconf 89' lang='lat' dir='ltr'>caesar:</span> <span class='ocrx_word' id='word_1_116' title='bbox 900 2368 973 2425; x_wconf 86' lang='lat' dir='ltr'>Tum</span> <span class='ocrx_word' id='word_1_117' title='bbox 987 2366 1081 2425; x_wconf 88' lang='lat' dir='ltr'>adbuc</span> <span class='ocrx_word' id='word_1_118' title='bbox 1096 2366 1245 2431; x_wconf 81' lang='lat' dir='ltr'>Ulmeuses</span> <span class='ocrx_word' id='word_1_119' title='bbox 1265 2383 1295 2425; x_wconf 88' lang='lat' dir='ltr'>se</span> <span class='ocrx_word' id='word_1_120' title='bbox 1315 2366 1415 2425; x_wconf 86' lang='lat' dir='ltr'>hostes</span> <span class='ocrx_word' id='word_1_121' title='bbox 1429 2374 1545 2427; x_wconf 84' lang='lat' dir='ltr'>nostros</span> 
     </span>
     <span class='ocr_line' id='line_1_17' title="bbox 368 2472 1078 2548; baseline -0.003 -17"><span class='ocrx_word' id='word_1_122' title='bbox 368 2472 588 2548; x_wconf 84' lang='lat' dir='ltr'>profitebantur,</span> <span class='ocrx_word' id='word_1_123' title='bbox 604 2491 681 2533; x_wconf 88' lang='lat' dir='ltr'>nunc</span> <span class='ocrx_word' id='word_1_124' title='bbox 694 2476 725 2532; x_wconf 90' lang='lat' dir='ltr'>iu</span> <span class='ocrx_word' id='word_1_125' title='bbox 740 2475 864 2547; x_wconf 89' lang='lat' dir='ltr'>gratiam</span> <span class='ocrx_word' id='word_1_126' title='bbox 878 2472 987 2543; x_wconf 86' lang='lat' dir='ltr'>recepti</span> <span class='ocrx_word' id='word_1_127' title='bbox 1003 2476 1078 2529; x_wconf 90' lang='lat' dir='ltr'>sunt.</span> 
     </span>
    </p>

    <p class='ocr_par' dir='ltr' id='par_1_6' title="bbox 368 2574 1547 2949">
     <span class='ocr_line' id='line_1_18' title="bbox 458 2574 1545 2653; baseline -0.001 -17"><span class='ocrx_word' id='word_1_128' title='bbox 458 2579 525 2636; x_wconf 89' lang='lat' dir='ltr'>Non</span> <span class='ocrx_word' id='word_1_129' title='bbox 540 2595 577 2636; x_wconf 91' lang='lat' dir='ltr'>ex</span> <span class='ocrx_word' id='word_1_130' title='bbox 591 2576 688 2636; x_wconf 87' lang='lat' dir='ltr'>infima</span> <span class='ocrx_word' id='word_1_131' title='bbox 701 2579 785 2653; x_wconf 90' lang='lat' dir='ltr'>plebe</span> <span class='ocrx_word' id='word_1_132' title='bbox 798 2579 883 2637; x_wconf 91' lang='lat' dir='ltr'>homo</span> <span class='ocrx_word' id='word_1_133' title='bbox 899 2577 1016 2650; x_wconf 88' lang='lat' dir='ltr'>quidam</span> <span class='ocrx_word' id='word_1_134' title='bbox 1031 2574 1141 2649; x_wconf 84' lang='lat' dir='ltr'>ajebat,</span> <span class='ocrx_word' id='word_1_135' title='bbox 1166 2592 1301 2634; x_wconf 72' lang='lat' dir='ltr'>caesarem</span> <span class='ocrx_word' id='word_1_136' title='bbox 1322 2581 1471 2648; x_wconf 85' lang='lat' dir='ltr'>nunquam</span> <span class='ocrx_word' id='word_1_137' title='bbox 1485 2592 1545 2635; x_wconf 89' lang='lat' dir='ltr'>me-</span> 
     </span>
     <span class='ocr_line' id='line_1_19' title="bbox 368 2680 1546 2756; baseline -0.001 -17"><span class='ocrx_word' id='word_1_138' title='bbox 368 2682 443 2741; x_wconf 91' lang='lat' dir='ltr'>liore</span> <span class='ocrx_word' id='word_1_139' title='bbox 457 2684 622 2741; x_wconf 87' lang='lat' dir='ltr'>valetudine</span> <span class='ocrx_word' id='word_1_140' title='bbox 636 2699 709 2756; x_wconf 90' lang='lat' dir='ltr'>esse,</span> <span class='ocrx_word' id='word_1_141' title='bbox 725 2699 813 2755; x_wconf 90' lang='lat' dir='ltr'>quam</span> <span class='ocrx_word' id='word_1_142' title='bbox 827 2698 891 2741; x_wconf 89' lang='lat' dir='ltr'>cum</span> <span class='ocrx_word' id='word_1_143' title='bbox 905 2683 936 2739; x_wconf 93' lang='lat' dir='ltr'>in</span> <span class='ocrx_word' id='word_1_144' title='bbox 949 2682 1051 2739; x_wconf 90' lang='lat' dir='ltr'>castris</span> <span class='ocrx_word' id='word_1_145' title='bbox 1067 2680 1195 2753; x_wconf 87' lang='lat' dir='ltr'>degeret,</span> <span class='ocrx_word' id='word_1_146' title='bbox 1211 2680 1264 2739; x_wconf 87' lang='lat' dir='ltr'>sed</span> <span class='ocrx_word' id='word_1_147' title='bbox 1278 2682 1397 2739; x_wconf 89' lang='lat' dir='ltr'>nimium</span> <span class='ocrx_word' id='word_1_148' title='bbox 1412 2685 1546 2739; x_wconf 88' lang='lat' dir='ltr'>constare</span> 
     </span>
     <span class='ocr_line' id='line_1_20' title="bbox 369 2784 1547 2859; baseline -0.001 -15"><span class='ocrx_word' id='word_1_149' title='bbox 369 2787 498 2858; x_wconf 89' lang='lat' dir='ltr'>pillulas,</span> <span class='ocrx_word' id='word_1_150' title='bbox 522 2788 624 2859; x_wconf 90' lang='lat' dir='ltr'>quibus</span> <span class='ocrx_word' id='word_1_151' title='bbox 644 2789 724 2845; x_wconf 85' lang='lat' dir='ltr'>alvus</span> <span class='ocrx_word' id='word_1_152' title='bbox 739 2790 814 2847; x_wconf 89' lang='lat' dir='ltr'>tanti</span> <span class='ocrx_word' id='word_1_153' title='bbox 827 2788 919 2846; x_wconf 90' lang='lat' dir='ltr'>leonis</span> <span class='ocrx_word' id='word_1_154' title='bbox 935 2787 1121 2859; x_wconf 86' lang='lat' dir='ltr'>dejiceretur,</span> <span class='ocrx_word' id='word_1_155' title='bbox 1138 2786 1269 2845; x_wconf 90' lang='lat' dir='ltr'>nimirum</span> <span class='ocrx_word' id='word_1_156' title='bbox 1284 2785 1476 2859; x_wconf 87' lang='lat' dir='ltr'>principatus,</span> <span class='ocrx_word' id='word_1_157' title='bbox 1493 2784 1547 2843; x_wconf 87' lang='lat' dir='ltr'>du-</span> 
     </span>
     <span class='ocr_line' id='line_1_21' title="bbox 368 2893 849 2949; baseline 0.002 -1"><span class='ocrx_word' id='word_1_158' title='bbox 368 2893 452 2948; x_wconf 87' lang='lat' dir='ltr'>catus</span> <span class='ocrx_word' id='word_1_159' title='bbox 467 2894 497 2949; x_wconf 90' lang='lat' dir='ltr'>et</span> <span class='ocrx_word' id='word_1_160' title='bbox 513 2893 663 2949; x_wconf 81' lang='lat' dir='ltr'>mmitatus</span> <span class='ocrx_word' id='word_1_161' title='bbox 675 2893 780 2949; x_wconf 88' lang='lat' dir='ltr'>multos</span> <span class='ocrx_word' id='word_1_162' title='bbox 796 2898 849 2949; x_wconf 86' lang='lat' dir='ltr'>etc.</span> 
     </span>
    </p>

    <p class='ocr_par' dir='ltr' id='par_1_7' title="bbox 367 2994 1548 3578">
     <span class='ocr_line' id='line_1_22' title="bbox 458 2994 1545 3068; baseline 0 -16"><span class='ocrx_word' id='word_1_163' title='bbox 458 2994 598 3053; x_wconf 86' lang='lat' dir='ltr'>Dominus</span> <span class='ocrx_word' id='word_1_164' title='bbox 618 2995 654 3053; x_wconf 90' lang='lat' dir='ltr'>de</span> <span class='ocrx_word' id='word_1_165' title='bbox 674 2996 861 3054; x_wconf 87' lang='lat' dir='ltr'>Madrusohia</span> <span class='ocrx_word' id='word_1_166' title='bbox 890 3000 958 3053; x_wconf 88' lang='lat' dir='ltr'>ante</span> <span class='ocrx_word' id='word_1_167' title='bbox 981 3012 1087 3068; x_wconf 87' lang='lat' dir='ltr'>paucos</span> <span class='ocrx_word' id='word_1_168' title='bbox 1113 2995 1173 3054; x_wconf 88' lang='lat' dir='ltr'>dics</span> <span class='ocrx_word' id='word_1_169' title='bbox 1189 2996 1334 3053; x_wconf 87' lang='lat' dir='ltr'>consulem</span> <span class='ocrx_word' id='word_1_170' title='bbox 1356 2994 1545 3067; x_wconf 87' lang='lat' dir='ltr'>Herbrotum,</span> 
     </span>
     <span class='ocr_line' id='line_1_23' title="bbox 368 3098 1545 3171; baseline -0.003 -13"><span class='ocrx_word' id='word_1_171' title='bbox 368 3100 448 3171; x_wconf 90' lang='lat' dir='ltr'>quod</span> <span class='ocrx_word' id='word_1_172' title='bbox 463 3102 501 3159; x_wconf 86' lang='lat' dir='ltr'>ud</span> <span class='ocrx_word' id='word_1_173' title='bbox 515 3116 651 3159; x_wconf 75' lang='lat' dir='ltr'>casarum</span> <span class='ocrx_word' id='word_1_174' title='bbox 668 3107 788 3160; x_wconf 86' lang='lat' dir='ltr'>vocatus</span> <span class='ocrx_word' id='word_1_175' title='bbox 809 3102 940 3159; x_wconf 89' lang='lat' dir='ltr'>morbum</span> <span class='ocrx_word' id='word_1_176' title='bbox 955 3099 1090 3157; x_wconf 88' lang='lat' dir='ltr'>simulans</span> <span class='ocrx_word' id='word_1_177' title='bbox 1104 3100 1204 3160; x_wconf 80' lang='lat' dir='ltr'>venire</span> <span class='ocrx_word' id='word_1_178' title='bbox 1218 3098 1317 3170; x_wconf 89' lang='lat' dir='ltr'>nollet,</span> <span class='ocrx_word' id='word_1_179' title='bbox 1339 3100 1415 3157; x_wconf 89' lang='lat' dir='ltr'>lecto</span> <span class='ocrx_word' id='word_1_180' title='bbox 1431 3098 1545 3158; x_wconf 90' lang='lat' dir='ltr'>decum-</span> 
     </span>
     <span class='ocr_line' id='line_1_24' title="bbox 370 3203 1548 3279; baseline -0.002 -16"><span class='ocrx_word' id='word_1_181' title='bbox 370 3203 486 3263; x_wconf 85' lang='lat' dir='ltr'>bentem</span> <span class='ocrx_word' id='word_1_182' title='bbox 500 3205 699 3279; x_wconf 78' lang='lat' dir='ltr'>expergefecit,</span> <span class='ocrx_word' id='word_1_183' title='bbox 715 3211 827 3264; x_wconf 90' lang='lat' dir='ltr'>tantum</span> <span class='ocrx_word' id='word_1_184' title='bbox 841 3205 939 3263; x_wconf 89' lang='lat' dir='ltr'>tunica</span> <span class='ocrx_word' id='word_1_185' title='bbox 954 3205 1040 3263; x_wconf 87' lang='lat' dir='ltr'>talari</span> <span class='ocrx_word' id='word_1_186' title='bbox 1055 3220 1141 3277; x_wconf 90' lang='lat' dir='ltr'>super</span> <span class='ocrx_word' id='word_1_187' title='bbox 1156 3204 1299 3263; x_wconf 87' lang='lat' dir='ltr'>indusium</span> <span class='ocrx_word' id='word_1_188' title='bbox 1313 3205 1424 3261; x_wconf 88' lang='lat' dir='ltr'>lineum</span> <span class='ocrx_word' id='word_1_189' title='bbox 1438 3204 1548 3275; x_wconf 82' lang='lat' dir='ltr'>injecta</span> 
     </span>
     <span class='ocr_line' id='line_1_25' title="bbox 367 3308 1543 3383; baseline 0 -17"><span class='ocrx_word' id='word_1_190' title='bbox 367 3308 408 3367; x_wconf 88' lang='lat' dir='ltr'>ad</span> <span class='ocrx_word' id='word_1_191' title='bbox 421 3309 575 3383; x_wconf 88' lang='lat' dir='ltr'>hospitium</span> <span class='ocrx_word' id='word_1_192' title='bbox 590 3327 672 3367; x_wconf 91' lang='lat' dir='ltr'>suum</span> <span class='ocrx_word' id='word_1_193' title='bbox 688 3309 790 3369; x_wconf 88' lang='lat' dir='ltr'>deduci</span> <span class='ocrx_word' id='word_1_194' title='bbox 801 3310 889 3382; x_wconf 82' lang='lat' dir='ltr'>jussit</span> <span class='ocrx_word' id='word_1_195' title='bbox 902 3308 1067 3381; x_wconf 83' lang='lat' dir='ltr'>ibidemque</span> <span class='ocrx_word' id='word_1_196' title='bbox 1082 3309 1176 3367; x_wconf 88' lang='lat' dir='ltr'>adbuc</span> <span class='ocrx_word' id='word_1_197' title='bbox 1190 3309 1221 3367; x_wconf 92' lang='lat' dir='ltr'>in</span> <span class='ocrx_word' id='word_1_198' title='bbox 1234 3308 1326 3367; x_wconf 87' lang='lat' dir='ltr'>libera</span> <span class='ocrx_word' id='word_1_199' title='bbox 1341 3309 1476 3367; x_wconf 86' lang='lat' dir='ltr'>custodia</span> <span class='ocrx_word' id='word_1_200' title='bbox 1492 3308 1543 3367; x_wconf 90' lang='lat' dir='ltr'>dc·</span> 
     </span>
     <span class='ocr_line' id='line_1_26' title="bbox 367 3413 1545 3487; baseline 0 -16"><span class='ocrx_word' id='word_1_201' title='bbox 367 3413 488 3472; x_wconf 81' lang='lat' dir='ltr'>timetur.</span> <span class='ocrx_word' id='word_1_202' title='bbox 542 3414 700 3487; x_wconf 79' lang='lat' dir='ltr'>Sexaginta</span> <span class='ocrx_word' id='word_1_203' title='bbox 713 3414 803 3472; x_wconf 86' lang='lat' dir='ltr'>millia</span> <span class='ocrx_word' id='word_1_204' title='bbox 816 3413 976 3487; x_wconf 78' lang='lat' dir='ltr'>nummum,</span> <span class='ocrx_word' id='word_1_205' title='bbox 999 3419 1031 3473; x_wconf 89' lang='lat' dir='ltr'>ut</span> <span class='ocrx_word' id='word_1_206' title='bbox 1049 3428 1146 3471; x_wconf 90' lang='lat' dir='ltr'>rumor</span> <span class='ocrx_word' id='word_1_207' title='bbox 1160 3414 1190 3471; x_wconf 88' lang='lat' dir='ltr'>in</span> <span class='ocrx_word' id='word_1_208' title='bbox 1205 3413 1272 3471; x_wconf 87' lang='lat' dir='ltr'>aula</span> <span class='ocrx_word' id='word_1_209' title='bbox 1287 3414 1403 3471; x_wconf 86' lang='lat' dir='ltr'>caesaris</span> <span class='ocrx_word' id='word_1_210' title='bbox 1419 3417 1474 3485; x_wconf 89' lang='lat' dir='ltr'>est,</span> <span class='ocrx_word' id='word_1_211' title='bbox 1491 3430 1545 3485; x_wconf 91' lang='lat' dir='ltr'>pro</span> 
     </span>
     <span class='ocr_line' id='line_1_27' title="bbox 368 3519 801 3578; baseline -0.005 -1"><span class='ocrx_word' id='word_1_212' title='bbox 368 3522 452 3578; x_wconf 76' lang='lat' dir='ltr'>tane</span> <span class='ocrx_word' id='word_1_213' title='bbox 466 3520 657 3577; x_wconf 87' lang='lat' dir='ltr'>somnolentia</span> <span class='ocrx_word' id='word_1_214' title='bbox 668 3519 801 3577; x_wconf 87' lang='lat' dir='ltr'>datmus.</span> 
     </span>
    </p>

    <p class='ocr_par' dir='ltr' id='par_1_8' title="bbox 367 3621 1546 3995">
     <span class='ocr_line' id='line_1_28' title="bbox 457 3621 1546 3695; baseline 0 -16"><span class='ocrx_word' id='word_1_215' title='bbox 457 3621 593 3680; x_wconf 86' lang='lat' dir='ltr'>Personae</span> <span class='ocrx_word' id='word_1_216' title='bbox 608 3624 742 3695; x_wconf 87' lang='lat' dir='ltr'>quinque,</span> <span class='ocrx_word' id='word_1_217' title='bbox 759 3636 881 3695; x_wconf 86' lang='lat' dir='ltr'>quarum</span> <span class='ocrx_word' id='word_1_218' title='bbox 901 3624 1017 3681; x_wconf 89' lang='lat' dir='ltr'>nomina</span> <span class='ocrx_word' id='word_1_219' title='bbox 1031 3638 1122 3681; x_wconf 83' lang='lat' dir='ltr'>caesar</span> <span class='ocrx_word' id='word_1_220' title='bbox 1137 3623 1192 3681; x_wconf 92' lang='lat' dir='ltr'>sibi</span> <span class='ocrx_word' id='word_1_221' title='bbox 1206 3623 1236 3680; x_wconf 86' lang='lat' dir='ltr'>iu</span> <span class='ocrx_word' id='word_1_222' title='bbox 1251 3622 1450 3680; x_wconf 83' lang='lat' dir='ltr'>reservatione</span> <span class='ocrx_word' id='word_1_223' title='bbox 1465 3638 1546 3681; x_wconf 88' lang='lat' dir='ltr'>meu·</span> 
     </span>
     <span class='ocr_line' id='line_1_29' title="bbox 367 3724 1545 3803; baseline 0 -18"><span class='ocrx_word' id='word_1_224' title='bbox 367 3727 467 3785; x_wconf 88' lang='lat' dir='ltr'>tali-et</span> <span class='ocrx_word' id='word_1_225' title='bbox 479 3728 585 3785; x_wconf 78' lang='lat' dir='ltr'>sonnio</span> <span class='ocrx_word' id='word_1_226' title='bbox 600 3729 725 3801; x_wconf 88' lang='lat' dir='ltr'>pectoris</span> <span class='ocrx_word' id='word_1_227' title='bbox 754 3726 800 3803; x_wconf 89' lang='lat' dir='ltr'>(ut</span> <span class='ocrx_word' id='word_1_228' title='bbox 814 3728 1032 3787; x_wconf 86' lang='lat' dir='ltr'>decretistarum</span> <span class='ocrx_word' id='word_1_229' title='bbox 1048 3728 1142 3787; x_wconf 84' lang='lat' dir='ltr'>verbis</span> <span class='ocrx_word' id='word_1_230' title='bbox 1157 3724 1236 3800; x_wconf 70' lang='lat' dir='ltr'>utari</span> <span class='ocrx_word' id='word_1_231' title='bbox 1259 3726 1428 3799; x_wconf 81' lang='lat' dir='ltr'>reservavit,</span> <span class='ocrx_word' id='word_1_232' title='bbox 1451 3728 1484 3785; x_wconf 91' lang='lat' dir='ltr'>in</span> <span class='ocrx_word' id='word_1_233' title='bbox 1498 3743 1545 3785; x_wconf 89' lang='lat' dir='ltr'>ca·</span> 
     </span>
     <span class='ocr_line' id='line_1_30' title="bbox 368 3831 1544 3905; baseline 0.001 -16"><span class='ocrx_word' id='word_1_234' title='bbox 368 3831 539 3905; x_wconf 85' lang='lat' dir='ltr'>pitulatione</span> <span class='ocrx_word' id='word_1_235' title='bbox 561 3838 724 3904; x_wconf 86' lang='lat' dir='ltr'>augustana</span> <span class='ocrx_word' id='word_1_236' title='bbox 738 3848 796 3889; x_wconf 86' lang='lat' dir='ltr'>uon</span> <span class='ocrx_word' id='word_1_237' title='bbox 812 3834 1010 3905; x_wconf 87' lang='lat' dir='ltr'>comprehensi</span> <span class='ocrx_word' id='word_1_238' title='bbox 1031 3838 1109 3903; x_wconf 89' lang='lat' dir='ltr'>sunt,</span> <span class='ocrx_word' id='word_1_239' title='bbox 1136 3832 1166 3890; x_wconf 89' lang='lat' dir='ltr'>in</span> <span class='ocrx_word' id='word_1_240' title='bbox 1188 3848 1261 3903; x_wconf 88' lang='lat' dir='ltr'>quos</span> <span class='ocrx_word' id='word_1_241' title='bbox 1285 3832 1544 3905; x_wconf 85' lang='lat' dir='ltr'>quomodocunque</span> 
     </span>
     <span class='ocr_line' id='line_1_31' title="bbox 368 3934 1509 3995; baseline 0.004 -2"><span class='ocrx_word' id='word_1_242' title='bbox 368 3935 411 3993; x_wconf 92' lang='lat' dir='ltr'>illi</span> <span class='ocrx_word' id='word_1_243' title='bbox 426 3937 542 3995; x_wconf 92' lang='lat' dir='ltr'>libuerit</span> <span class='ocrx_word' id='word_1_244' title='bbox 556 3936 786 3995; x_wconf 82' lang='lat' dir='ltr'>animadvertere</span> <span class='ocrx_word' id='word_1_245' title='bbox 800 3937 910 3995; x_wconf 88' lang='lat' dir='ltr'>liceret.</span> <span class='ocrx_word' id='word_1_246' title='bbox 960 3960 965 3964; x_wconf 95' lang='lat'><em>·</em></span> <span class='ocrx_word' id='word_1_247' title='bbox 1503 3934 1509 3945; x_wconf 82' lang='grc'><em>’</em></span> 
     </span>
    </p>

    <p class='ocr_par' dir='ltr' id='par_1_9' title="bbox 333 4039 1542 4324">
     <span class='ocr_line' id='line_1_32' title="bbox 457 4039 1542 4113; baseline -0.001 -14"><span class='ocrx_word' id='word_1_248' title='bbox 457 4040 544 4113; x_wconf 88' lang='lat' dir='ltr'>Vulgi</span> <span class='ocrx_word' id='word_1_249' title='bbox 557 4041 588 4097; x_wconf 91' lang='lat' dir='ltr'>in</span> <span class='ocrx_word' id='word_1_250' title='bbox 603 4040 734 4099; x_wconf 87' lang='lat' dir='ltr'>consules</span> <span class='ocrx_word' id='word_1_251' title='bbox 749 4041 901 4100; x_wconf 86' lang='lat' dir='ltr'>nonnullos</span> <span class='ocrx_word' id='word_1_252' title='bbox 915 4057 951 4099; x_wconf 91' lang='lat' dir='ltr'>ea</span> <span class='ocrx_word' id='word_1_253' title='bbox 965 4040 1012 4098; x_wconf 93' lang='lat' dir='ltr'>bic</span> <span class='ocrx_word' id='word_1_254' title='bbox 1026 4040 1227 4099; x_wconf 80' lang='lat' dir='ltr'>malevolentia</span> <span class='ocrx_word' id='word_1_255' title='bbox 1237 4055 1299 4097; x_wconf 91' lang='lat' dir='ltr'>esse</span> <span class='ocrx_word' id='word_1_256' title='bbox 1311 4039 1427 4112; x_wconf 89' lang='lat' dir='ltr'>dicitur,</span> <span class='ocrx_word' id='word_1_257' title='bbox 1444 4046 1479 4099; x_wconf 92' lang='lat' dir='ltr'>ut</span> <span class='ocrx_word' id='word_1_258' title='bbox 1493 4056 1542 4101; x_wconf 90' lang='lat' dir='ltr'>eos</span> 
     </span>
     <span class='ocr_line' id='line_1_33' title="bbox 366 4144 1312 4229; baseline 0.001 -26"><span class='ocrx_word' id='word_1_259' title='bbox 366 4160 423 4218; x_wconf 87' lang='lat' dir='ltr'>pro</span> <span class='ocrx_word' id='word_1_260' title='bbox 435 4145 649 4219; x_wconf 89' lang='lat' dir='ltr'>Burgemeister</span> <span class='ocrx_word' id='word_1_261' title='bbox 664 4144 912 4217; x_wconf 86' lang='lat' dir='ltr'>Gurgemeisteros</span> <span class='ocrx_word' id='word_1_262' title='bbox 925 4150 1037 4204; x_wconf 81' lang='lat' dir='ltr'>vocent</span> <span class='ocrx_word' id='word_1_263' title='bbox 1307 4222 1312 4229; x_wconf 22' lang='grc' dir='ltr'>ι</span> 
     </span>
     <span class='ocr_line' id='line_1_34' title="bbox 333 4247 1541 4324; baseline -0.001 -14"><span class='ocrx_word' id='word_1_264' title='bbox 333 4307 335 4310; x_wconf 86' lang='grc'>.</span> <span class='ocrx_word' id='word_1_265' title='bbox 456 4252 506 4324; x_wconf 82' lang='lat' dir='ltr'>xxj</span> <span class='ocrx_word' id='word_1_266' title='bbox 523 4250 602 4309; x_wconf 87' lang='lat' dir='ltr'>Junii</span> <span class='ocrx_word' id='word_1_267' title='bbox 616 4250 767 4321; x_wconf 88' lang='lat' dir='ltr'>intemplo</span> <span class='ocrx_word' id='word_1_268' title='bbox 782 4251 927 4309; x_wconf 88' lang='lat' dir='ltr'>Minorum</span> <span class='ocrx_word' id='word_1_269' title='bbox 942 4250 1072 4309; x_wconf 87' lang='lat' dir='ltr'>dominus</span> <span class='ocrx_word' id='word_1_270' title='bbox 1087 4248 1215 4307; x_wconf 87' lang='lat' dir='ltr'>Joanues</span> <span class='ocrx_word' id='word_1_271' title='bbox 1230 4247 1374 4306; x_wconf 78' lang='lat' dir='ltr'>ilenricus</span> <span class='ocrx_word' id='word_1_272' title='bbox 1389 4265 1427 4307; x_wconf 90' lang='lat' dir='ltr'>ex</span> <span class='ocrx_word' id='word_1_273' title='bbox 1447 4252 1541 4322; x_wconf 84' lang='lat' dir='ltr'>prima</span> 
     </span>
    </p>

    <p class='ocr_par' dir='ltr' id='par_1_10' title="bbox 365 4352 1540 4845">
     <span class='ocr_line' id='line_1_35' title="bbox 365 4352 1540 4429; baseline 0.003 -18"><span class='ocrx_word' id='word_1_274' title='bbox 365 4352 490 4412; x_wconf 78' lang='lat' dir='ltr'>loannis</span> <span class='ocrx_word' id='word_1_275' title='bbox 505 4352 628 4426; x_wconf 86' lang='lat' dir='ltr'>epistola</span> <span class='ocrx_word' id='word_1_276' title='bbox 640 4369 704 4427; x_wconf 89' lang='lat' dir='ltr'>cap.</span> <span class='ocrx_word' id='word_1_277' title='bbox 723 4357 752 4412; x_wconf 82' lang='lat'>2.</span> <span class='ocrx_word' id='word_1_278' title='bbox 767 4354 829 4412; x_wconf 79' lang='lat' dir='ltr'>haec</span> <span class='ocrx_word' id='word_1_279' title='bbox 844 4356 933 4413; x_wconf 86' lang='lat' dir='ltr'>verba</span> <span class='ocrx_word' id='word_1_280' title='bbox 953 4355 1036 4428; x_wconf 83' lang='lat' dir='ltr'>legit:</span> <span class='ocrx_word' id='word_1_281' title='bbox 1063 4354 1128 4412; x_wconf 78' lang='lat' dir='ltr'>»Nc</span> <span class='ocrx_word' id='word_1_282' title='bbox 1144 4353 1268 4425; x_wconf 85' lang='lat' dir='ltr'>diligatis</span> <span class='ocrx_word' id='word_1_283' title='bbox 1284 4354 1430 4427; x_wconf 88' lang='lat' dir='ltr'>muudum,</span> <span class='ocrx_word' id='word_1_284' title='bbox 1446 4372 1540 4429; x_wconf 84' lang='lat' dir='ltr'>neque</span> 
     </span>
     <span class='ocr_line' id='line_1_36' title="bbox 366 4456 1540 4532; baseline 0.003 -17"><span class='ocrx_word' id='word_1_285' title='bbox 366 4472 405 4515; x_wconf 88' lang='lat' dir='ltr'>ea</span> <span class='ocrx_word' id='word_1_286' title='bbox 419 4474 483 4530; x_wconf 79' lang='lat' dir='ltr'>quae</span> <span class='ocrx_word' id='word_1_287' title='bbox 497 4460 529 4517; x_wconf 89' lang='lat' dir='ltr'>in</span> <span class='ocrx_word' id='word_1_288' title='bbox 543 4457 648 4517; x_wconf 86' lang='lat' dir='ltr'>mundo</span> <span class='ocrx_word' id='word_1_289' title='bbox 663 4466 739 4518; x_wconf 88' lang='lat' dir='ltr'>sunt</span> <span class='ocrx_word' id='word_1_290' title='bbox 772 4460 803 4517; x_wconf 86' lang='lat' dir='ltr'>Si</span> <span class='ocrx_word' id='word_1_291' title='bbox 819 4460 883 4532; x_wconf 88' lang='lat' dir='ltr'>quis</span> <span class='ocrx_word' id='word_1_292' title='bbox 898 4460 993 4532; x_wconf 79' lang='lat' dir='ltr'>diligit</span> <span class='ocrx_word' id='word_1_293' title='bbox 1007 4457 1158 4530; x_wconf 89' lang='lat' dir='ltr'>mundum,</span> <span class='ocrx_word' id='word_1_294' title='bbox 1175 4473 1233 4515; x_wconf 90' lang='lat' dir='ltr'>non</span> <span class='ocrx_word' id='word_1_295' title='bbox 1249 4463 1293 4515; x_wconf 89' lang='lat' dir='ltr'>est</span> <span class='ocrx_word' id='word_1_296' title='bbox 1307 4456 1433 4519; x_wconf 83' lang='lat' dir='ltr'>ebaritas</span> <span class='ocrx_word' id='word_1_297' title='bbox 1448 4461 1540 4532; x_wconf 81' lang='lat' dir='ltr'>patris</span> 
     </span>
     <span class='ocr_line' id='line_1_37' title="bbox 367 4561 1540 4636; baseline 0.003 -17"><span class='ocrx_word' id='word_1_298' title='bbox 367 4561 399 4619; x_wconf 87' lang='lat' dir='ltr'>in</span> <span class='ocrx_word' id='word_1_299' title='bbox 413 4578 458 4635; x_wconf 92' lang='lat' dir='ltr'>eo,</span> <span class='ocrx_word' id='word_1_300' title='bbox 473 4564 610 4633; x_wconf 88' lang='lat' dir='ltr'>quoniam</span> <span class='ocrx_word' id='word_1_301' title='bbox 625 4578 710 4622; x_wconf 91' lang='lat' dir='ltr'>omne</span> <span class='ocrx_word' id='word_1_302' title='bbox 724 4563 801 4636; x_wconf 90' lang='lat' dir='ltr'>quod</span> <span class='ocrx_word' id='word_1_303' title='bbox 817 4570 861 4622; x_wconf 87' lang='lat' dir='ltr'>est</span> <span class='ocrx_word' id='word_1_304' title='bbox 873 4564 905 4622; x_wconf 87' lang='lat' dir='ltr'>in</span> <span class='ocrx_word' id='word_1_305' title='bbox 918 4562 1036 4635; x_wconf 89' lang='lat' dir='ltr'>mundo,</span> <span class='ocrx_word' id='word_1_306' title='bbox 1051 4563 1141 4621; x_wconf 77' lang='lat' dir='ltr'>rehmi</span> <span class='ocrx_word' id='word_1_307' title='bbox 1156 4564 1386 4635; x_wconf 86' lang='lat' dir='ltr'>eoncupiscentia</span> <span class='ocrx_word' id='word_1_308' title='bbox 1399 4566 1540 4623; x_wconf 82' lang='lat' dir='ltr'>carniset</span> 
     </span>
     <span class='ocr_line' id='line_1_38' title="bbox 366 4666 1537 4747; baseline 0.003 -25"><span class='ocrx_word' id='word_1_309' title='bbox 366 4667 599 4747; x_wconf 85' lang='lat' dir='ltr'>coucupiscentia</span> <span class='ocrx_word' id='word_1_310' title='bbox 613 4667 761 4727; x_wconf 89' lang='lat' dir='ltr'>oculorum</span> <span class='ocrx_word' id='word_1_311' title='bbox 776 4672 805 4727; x_wconf 92' lang='lat' dir='ltr'>et</span> <span class='ocrx_word' id='word_1_312' title='bbox 819 4667 913 4726; x_wconf 84' lang='lat' dir='ltr'>iectus</span> <span class='ocrx_word' id='word_1_313' title='bbox 928 4668 994 4726; x_wconf 84' lang='lat' dir='ltr'>ritae</span> <span class='ocrx_word' id='word_1_314' title='bbox 1009 4682 1068 4725; x_wconf 88' lang='lat' dir='ltr'>non</span> <span class='ocrx_word' id='word_1_315' title='bbox 1084 4670 1129 4725; x_wconf 89' lang='lat' dir='ltr'>est</span> <span class='ocrx_word' id='word_1_316' title='bbox 1144 4684 1179 4725; x_wconf 90' lang='lat' dir='ltr'>ex</span> <span class='ocrx_word' id='word_1_317' title='bbox 1194 4671 1291 4739; x_wconf 87' lang='lat' dir='ltr'>patre,</span> <span class='ocrx_word' id='word_1_318' title='bbox 1314 4666 1367 4726; x_wconf 88' lang='lat' dir='ltr'>sed</span> <span class='ocrx_word' id='word_1_319' title='bbox 1380 4683 1418 4725; x_wconf 91' lang='lat' dir='ltr'>ex</span> <span class='ocrx_word' id='word_1_320' title='bbox 1431 4668 1537 4727; x_wconf 88' lang='lat' dir='ltr'>mundo</span> 
     </span>
     <span class='ocr_line' id='line_1_39' title="bbox 366 4769 1534 4845; baseline 0.007 -22"><span class='ocrx_word' id='word_1_321' title='bbox 366 4770 423 4824; x_wconf 88' lang='lat' dir='ltr'>cst.</span> <span class='ocrx_word' id='word_1_322' title='bbox 454 4769 493 4826; x_wconf 86' lang='lat' dir='ltr'>Et</span> <span class='ocrx_word' id='word_1_323' title='bbox 506 4770 629 4829; x_wconf 90' lang='lat' dir='ltr'>muudus</span> <span class='ocrx_word' id='word_1_324' title='bbox 643 4774 748 4831; x_wconf 88' lang='lat' dir='ltr'>transit</span> <span class='ocrx_word' id='word_1_325' title='bbox 762 4778 791 4832; x_wconf 93' lang='lat' dir='ltr'>ct</span> <span class='ocrx_word' id='word_1_326' title='bbox 805 4772 1034 4845; x_wconf 87' lang='lat' dir='ltr'>coucupiscentia</span> <span class='ocrx_word' id='word_1_327' title='bbox 1048 4770 1130 4844; x_wconf 79' lang='lat' dir='ltr'>ejus«</span> <span class='ocrx_word' id='word_1_328' title='bbox 1148 4778 1202 4831; x_wconf 87' lang='lat' dir='ltr'>etc.</span> <span class='ocrx_word' id='word_1_329' title='bbox 1224 4772 1278 4829; x_wconf 88' lang='lat' dir='ltr'>Hic</span> <span class='ocrx_word' id='word_1_330' title='bbox 1293 4772 1415 4845; x_wconf 85' lang='lat' dir='ltr'>primum</span> <span class='ocrx_word' id='word_1_331' title='bbox 1431 4772 1534 4845; x_wconf 84' lang='lat' dir='ltr'>docuit,</span> 
     </span>
    </p>
   </div>
   <div class='ocr_carea' id='block_1_3' title="bbox 0 0 1854 5692">
    <p class='ocr_par' dir='ltr' id='par_1_11' title="bbox 0 0 1854 5692">
     <span class='ocr_line' id='line_1_40' title="bbox 0 0 1854 5692; baseline 0 2"><span class='ocrx_word' id='word_1_332' title='bbox 0 0 1854 5692; x_wconf 95' lang='lat' dir='ltr'> </span> 
     </span>
    </p>
   </div>
  </div>
 </body>
</html>
