3700 5692
886 764 930 832 ³¹7

271 1024 273 1029 ι
321 948 432 1024 virgine
454 949 622 1024 incorrupta
642 947 819 1023 desponsare
837 953 965 1026 cuperet.
1010 947 1086 1009 Nam
1109 948 1133 1008 is
1150 943 1383 1028 ‘meretriculam
1407 969 1491 1027 quam

321 1060 426 1129 posset,
449 1054 582 1114 muliebri
603 1053 719 1128 mundo,
743 1060 848 1128 torque
866 1069 965 1128 aureo,
988 1053 1101 1112 annulis
1126 1059 1156 1114 et
1176 1055 1315 1128 ejusmodi
1329 1072 1387 1118 non
1401 1060 1492 1119 solum

320 1165 474 1220 ornaturus
484 1154 569 1234 esset,
584 1159 654 1231 quin
669 1163 699 1218 et
709 1159 828 1234 insuper
841 1160 976 1221 laudibus
985 1159 1071 1232 hujus
1086 1159 1252 1235 pudicitiam
1266 1178 1360 1224 mores
1369 1168 1399 1224 et
1413 1165 1491 1238 quic·

258 1294 261 1298 ·
321 1263 391 1340 quid
411 1269 488 1324 esset
501 1281 554 1339 per
568 1264 721 1325 verborum
743 1264 883 1340 ampullas
896 1281 987 1340 proco
1007 1281 1111 1339 magna
1125 1263 1253 1326 facturus
1268 1268 1314 1326 sit.
1352 1267 1409 1329 Ubi
1423 1283 1493 1329 vero

319 1371 408 1430 miser
427 1368 591 1444 Glycerium
611 1367 683 1428 illud
705 1367 829 1444 duxerit,
850 1370 1015 1430 habiturum
1038 1386 1103 1429 eum
1125 1376 1155 1431 et
1177 1377 1302 1432 scortum
1316 1377 1347 1432 et
1359 1378 1492 1434 metanea

320 1491 388 1536 eum
402 1457 554 1549 torqueri(
580 1473 647 1548 llic,
661 1475 765 1550 inquit,
784 1473 869 1535 nobis
888 1474 971 1536 dulce
985 1475 1152 1550 praecinitur
1170 1477 1269 1538 melos.
1308 1478 1339 1538 Si
1352 1482 1448 1539 auum
1462 1479 1493 1538 in

319 1583 469 1657 proposita
483 1580 719 1655 consenserimus,
734 1581 875 1654 praelata
889 1579 1004 1654 quidem
1018 1597 1065 1639 res
1081 1586 1134 1655 est,
1150 1598 1197 1641 res
1213 1587 1326 1642 nostres
1347 1597 1412 1642 cum
1425 1589 1490 1642 tau-

318 1694 416 1748 torum
429 1686 590 1761 principum
604 1685 702 1759 regnis
716 1689 746 1743 et
759 1685 986 1760 possessionibus
1002 1701 1065 1744 esse
1079 1685 1184 1747 unitas.
1208 1687 1316 1746 Verum
1331 1689 1492 1749 successivo

317 1799 451 1868 tempore
465 1796 566 1850 nostra
579 1790 769 1864 insumuntur,
785 1796 815 1849 et
829 1791 853 1850 si
868 1790 937 1865 qnid
951 1789 1064 1850 adversi
1079 1791 1243 1865 regionibus
1257 1791 1398 1866 dictorum
1413 1795 1492 1869 prin-

317 1899 415 1973 cipum
429 1895 575 1970 acciderit,
590 1911 643 1956 nos
657 1895 714 1953 illis
733 1894 867 1968 praesidio
889 1899 920 1954 ct
938 1893 1098 1954 defensioni
1119 1911 1182 1956 esse
1203 1896 1355 1972 oportebit,
1380 1902 1410 1958 et
1430 1904 1492 1958 tum

316 2005 445 2080 primum
465 1982 635 2074 sentiemus,
659 1999 740 2060 nobis
763 1999 881 2060 laudato
899 2005 995 2059 scorto
1017 1997 1112 2059 lucum
1130 1998 1245 2061 factum.
1290 2000 1385 2076 Atque
1404 2004 1492 2063 miser

318 2108 477 2171 monachus
492 2107 548 2165 hoc
561 2105 701 2164 mercedis
716 2120 768 2164 suo
778 2106 845 2179 joco
866 2108 916 2164 aut
931 2108 1144 2180 comparatione
1164 2107 1260 2182 potius
1274 2112 1375 2168 nactus
1390 2112 1444 2183 est,
1459 2115 1493 2169 ut

318 2219 350 2275 et
364 2214 445 2290 apud
458 2188 591 2289 potentes
605 2210 817 2286 traduceretur,
842 2227 877 2271 ac
891 2209 989 2270 Caesar
1008 2211 1051 2269 illi
1066 2210 1197 2271 denham
1211 2212 1241 2271 in
1256 2217 1399 2274 conventu
1413 2213 1492 2289 prin·

318 2320 418 2395 cipum
441 2335 495 2393 pro
520 2332 600 2377 more
621 2316 751 2392 praebore
773 2315 996 2376 dissimulaverit
1014 2331 1048 2386 ac
1068 2320 1152 2377 torve
1171 2317 1240 2377 satis
1262 2319 1356 2393 ipsum
1369 2319 1491 2380 intuitus

299 2427 367 2484 'sit
390 2423 524 2484 Meretur
537 2428 634 2482 tamen
648 2423 673 2481 is
687 2419 851 2494 monachus,
869 2421 1075 2494 qualiscunque
1089 2423 1136 2497 sit,
1159 2421 1244 2497 hujus
1259 2423 1368 2483 consilii
1383 2441 1402 2484 a
1416 2421 1489 2483 Ger·

319 2529 413 2590 manis
427 2529 531 2589 merito
545 2528 676 2604 patiam.
720 2526 940 2601 Verendumque
954 2524 1021 2585 olim
1036 2541 1088 2586 suo
1102 2526 1178 2587 malo
1193 2525 1375 2588 Germaniam
1390 2544 1491 2606 exper-

319 2641 424 2710 turam,
440 2633 511 2708 quid
523 2631 647 2693 voluerit
659 2631 706 2690 hic
720 2630 819 2691 abbas.

409 2739 477 2798 xxvi
491 2737 600 2812 Aprilis
623 2737 654 2795 in
676 2737 784 2812 templo
797 2735 944 2796 ltinorum
962 2737 1025 2796 loco
1045 2740 1250 2798 matutinarum
1269 2754 1387 2812 precum
1402 2756 1490 2813 quen·

321 2846 386 2907 dam
407 2844 515 2919 populo
537 2843 634 2916 aliqua
658 2858 694 2903 ex
710 2842 870 2917 Evangelio
892 2842 1015 2903 Joannis
1034 2845 1238 2918 praelegentem
1260 2849 1290 2903 et
1305 2851 1492 2918 exponentem

321 2951 474 3011 collatione
483 2949 690 3022 scripturaram
704 2945 872 3008 audivimus.
895 2947 1096 3021 Interreliqua
1111 2950 1165 3008 ait:
1180 2949 1236 3021 Qui
1245 2963 1277 3008 se
1286 2948 1379 3010 Deum
1394 2966 1492 3010 amare

321 3056 472 3131 gloriatur,
488 3067 552 3111 eum
567 3053 653 3111 etiam
667 3056 697 3112 et
710 3068 811 3112 manus
827 3056 857 3112 et
871 3068 922 3112 cor
937 3070 955 3113 a
969 3054 1045 3114 vitiis
1061 3056 1209 3115 continere
1223 3059 1346 3129 oportet.

410 3158 523 3220 Eadem
536 3156 607 3215 mihi
619 3157 828 3232 horologiolum
843 3173 907 3216 cum
918 3159 1003 3218 theca
1016 3157 1086 3218 foris
1101 3157 1240 3219 deaurata
1254 3175 1307 3234 pro
1319 3163 1359 3219 18
1374 3158 1494 3220 thaleris

322 3265 497 3342 comparavi.
529 3262 603 3338 Legi
624 3262 869 3338 etpnrgationem
892 3263 984 3322 nostri
1004 3261 1039 3323 de
1059 3262 1202 3336 colloquio
1217 3263 1419 3324 Ratisbonensi
1440 3279 1494 3338 per

322 3370 465 3429 Bucerum
479 3368 678 3442 conscriptam.
1445 3344 1450 3350 ⁶

409 3472 521 3534 Eadem
535 3491 594 3534 una
608 3489 707 3533 omnes
722 3477 841 3546 excepto
851 3476 956 3547 nepote
971 3469 1123 3545 hospitium
1138 3469 1298 3531 archiducis
1307 3470 1491 3532 vidtaumus.

321 3579 392 3640 cnm
415 3583 512 3639 auum
536 3577 574 3638 ad
597 3579 701 3638 atrium
720 3578 821 3637 domus
840 3578 1029 3649 venissemus,
1055 3574 1148 3637 edocti
1168 3574 1205 3635 ab
1225 3575 1493 3636 anteambulonibus

323 3703 429 3762 sumus,
445 3683 627 3744 archiducem
642 3698 751 3742 summo
766 3698 851 3741 mane
865 3683 963 3742 nesdo
986 3697 1042 3756 quo
1057 3682 1171 3741 abiisse.
1209 3678 1304 3741 Aedes
1319 3681 1408 3756 igitur
1422 3696 1491 3740 cau·

321 3793 432 3852 mllarii
453 3789 654 3850 Atrebatensis
675 3788 860 3862 frequentare
880 3789 971 3847 visum
994 3792 1047 3846 est.
1095 3785 1154 3847 Ubi
1178 3785 1245 3846 dum
1264 3787 1295 3846 in
1314 3802 1384 3847 area
1404 3785 1493 3846 curiae

322 3903 430 3959 stratos
444 3897 556 3973 lapides
570 3895 710 3968 trivimus,
731 3870 891 3968 opportune
906 3893 1016 3967 Viglius
1038 3891 1130 3953 adest.
1167 3891 1252 3952 Hunc
1266 3892 1396 3952 Eubulus
1410 3897 1495 3966 rogat

321 4010 363 4080 ut,
378 4005 406 4064 si
419 4005 570 4063 itasermo
583 3999 726 4073 inciderit,
748 3998 977 4058 recordationem
996 3999 1088 4058 nostri
1102 3997 1180 4074 apud
1200 3998 1365 4074 episcopum
1378 3997 1493 4071 habeat,

324 4109 373 4183 qni
387 4107 450 4169 fere
464 4111 531 4183 post
544 4105 645 4166 horam
659 4103 759 4164 abiens
774 4104 829 4178 ait,
853 4118 906 4163 nos
928 4104 1013 4163 isthic
1025 4103 1097 4164 nihil
1121 4102 1235 4164 efficere
1248 4119 1344 4180 posse,
1367 4107 1493 4165 attamen
1514 4123 1518 4130 ·

321 4229 355 4275 se
365 4217 474 4274 nostru
489 4227 583 4272 causae
598 4211 771 4270 mentionem
786 4206 897 4268 iecisse.
1255 4209 1264 4232 ·

339 4311 345 4322 '
408 4320 537 4380 loannes
558 4315 650 4377 trater
673 4319 705 4374 et
726 4315 842 4374 Samuel
863 4329 954 4389 napos
976 4329 1040 4374 cum
1069 4313 1193 4374 electore
1214 4311 1328 4373 Joanne
1346 4309 1494 4372 Friderico

321 4425 511 4500 pransisunt.
1092 4409 1095 4416 ’

410 4529 438 4590 A
452 4527 575 4605 prandio
586 4526 717 4587 Eubulus
726 4527 904 4588 licentiatum
911 4525 976 4584 Nic.
985 4524 1081 4584 Maier
1090 4520 1224 4595 visitavit,
1237 4520 1287 4593 qui
1296 4520 1389 4595 ipsum
1397 4517 1496 4578 huma-

322 4635 440 4696 nissime
455 4638 606 4709 exceptum
620 4633 652 4691 in
665 4647 794 4692 museum
810 4648 892 4692 suum
907 4628 1076 4702 introduxit,
1093 4626 1171 4700 quod
1193 4629 1256 4684 erut
1269 4625 1351 4685 varia
1365 4625 1495 4716 egregia

323 4758 378 4814 que
398 4742 538 4802 librorum
569 4737 744 4812 supellectile
764 4735 910 4797 refertum.
954 4738 984 4796 Is
1004 4747 1118 4808 quoque
1138 4745 1191 4790 nos
1205 4727 1312 4805 libello,
1336 4728 1382 4787 cui
1395 4729 1496 4790 titulus

324 4846 421 4909 Series
444 4851 475 4908 at
488 4845 611 4922 digestm
625 4849 786 4920 oemporum
800 4848 830 4904 et
842 4859 940 4904 rerum
955 4845 1009 4902 etc.
1024 4837 1062 4902 ab
1076 4837 1203 4901 ilenrico
1217 4835 1384 4911 Bullingero
1399 4835 1495 4896 elucu-
