3700 5692
871 743 913 811 lt

392 927 550 999 Memento,
565 931 650 1001 pater
666 927 799 1002 coelestis,
812 926 950 987 bonitatis
965 930 1022 985 tuas
1040 925 1184 985 inmensae
1200 929 1229 986 et
1246 923 1408 987 afflictionis
1426 943 1476 987 no·

304 1040 384 1109 smne,
399 1034 532 1092 nutantis
544 1049 639 1108 genna
654 1033 733 1107 erige
747 1039 777 1093 ct
790 1049 842 1092 nos
855 1033 886 1090 in
898 1029 965 1104 fide,
981 1032 1082 1090 timore
1098 1036 1128 1090 et
1141 1047 1239 1092 amore
1253 1033 1296 1091 tui
1310 1031 1476 1092 corrobora.

394 1139 464 1212 xviij
479 1138 589 1214 Aprilis
603 1155 713 1199 summo
726 1155 811 1199 mane
826 1138 961 1199 Liborius
975 1136 1200 1213 Msrquardum,
1224 1136 1365 1197 Melchior
1379 1137 1479 1196 Hesen

306 1243 441 1305 doctores
454 1246 613 1305 consultum
628 1245 735 1306 abiere.
773 1245 867 1318 Hujus
885 1243 1034 1318 consilium
1049 1239 1112 1316 luit,
1135 1248 1167 1302 ut
1181 1242 1402 1304 Atrebatensem
1416 1240 1477 1302 adi·

304 1367 403 1411 remus
423 1366 459 1410 ac
478 1354 671 1425 tentaremus,
702 1367 740 1410 an
757 1351 851 1425 ipsum
875 1348 1056 1409 archiducem
1077 1364 1173 1408 coram
1194 1349 1301 1422 alloqui
1322 1363 1479 1424 possemus.

305 1456 379 1518 Item
388 1471 487 1531 regem
494 1454 709 1515 Ferdinandum
719 1455 921 1529 alloquendum
934 1454 1044 1515 euobis
1054 1471 1126 1530 esse,
1141 1472 1200 1517 non
1209 1461 1305 1516 umen
1314 1455 1356 1513 illi
1365 1452 1478 1514 consul·

305 1569 368 1622 tom
382 1561 488 1637 rideri,
513 1567 547 1620 ut
564 1566 632 1621 ante
644 1577 732 1620 unum
746 1568 798 1621 out
811 1563 934 1623 alterum
949 1561 1025 1622 diem
1047 1578 1099 1637 pro
1114 1578 1252 1637 responso
1268 1561 1478 1620 sollicitaretur.

305 1669 384 1728 llam
396 1667 578 1728 archiducem
592 1666 731 1740 quidquid
745 1684 797 1742 per
812 1667 976 1729 Wnldecios
990 1671 1097 1743 scripto
1112 1668 1238 1728 oblatum
1254 1668 1300 1740 sit,
1318 1681 1403 1739 quam
1417 1666 1477 1739 pri·

306 1791 385 1834 mum
398 1773 545 1834 commode
559 1772 623 1834 fieri
637 1774 742 1847 possit,
764 1789 897 1833 casareae
911 1775 1054 1849 majestati
1068 1776 1234 1836 relaturum.
1266 1775 1392 1835 Hasonis
1408 1789 1478 1848 quo·

307 1896 365 1955 que
379 1881 530 1940 consilium
544 1884 622 1953 erat,
637 1895 675 1938 ne
689 1884 749 1939 tam
763 1879 895 1939 celeriter
908 1897 1078 1956 responsum
1093 1886 1264 1955 peteremus.

395 1986 507 2045 Eadem
521 1984 667 2045 Adrianus
682 2002 700 2045 n
714 1986 836 2045 Zertzen
850 1987 968 2047 remotis
990 1986 1107 2047 arbitris
1128 2003 1181 2046 nos
1201 1987 1366 2061 ahoquens,
1390 1987 1478 2060 venit,

307 2093 438 2151 tonitrua
452 2091 594 2150 minarum
615 2108 653 2150 ex
667 2107 718 2151 ore
739 2091 785 2169 (ut
806 2092 868 2166 ipsc
888 2086 999 2166 ajebat)
1017 2090 1148 2150 Mauritii
1163 2092 1295 2151 electoris
1316 2097 1346 2151 et
1366 2090 1480 2150 Alberti

308 2197 481 2257 marchionis
497 2196 630 2257 afferens.
661 2197 730 2270 Quae
746 2197 869 2270 dicebat,
884 2194 946 2256 iere
961 2195 1099 2270 ejusmodi
1114 2201 1206 2270 erant,
1221 2195 1389 2256 Mauritium
1405 2195 1479 2255 elec-

307 2309 402 2364 torem
414 2301 510 2361 mnltis
529 2301 710 2362 audientibus
724 2301 843 2363 dixisse:
866 2301 944 2360 Num
959 2303 1045 2362 etiam
1060 2301 1181 2362 Wolrad
1195 2317 1289 2362 comes
1304 2319 1323 2361 s
1338 2300 1480 2362 Waldeck

309 2408 411 2470 adest?
425 2408 469 2467 Ac
479 2408 528 2467 ubi
537 2408 682 2468 Adrianus
693 2408 888 2482 respondisset
903 2408 985 2468 »Imo
1001 2407 1114 2482 adest«,
1129 2407 1297 2467 Mauritium
1312 2406 1431 2466 dixisse:
1449 2407 1480 2465 Si

309 2531 345 2574 ea
362 2519 591 2590 perpetrassem,
614 2530 679 2587 quse
701 2514 796 2574 comiti
814 2514 882 2573 huic
896 2515 1088 2589 intentantur,
1113 2529 1149 2573 ne
1169 2514 1284 2574 termini
1299 2512 1413 2588 quidem
1427 2514 1479 2571 im-

309 2621 384 2695 perii
394 2619 467 2678 mihi
481 2622 551 2678 sutis
565 2621 652 2694 ampli
666 2625 774 2695 essent,
797 2621 875 2679 intra
889 2618 943 2678 hos
962 2621 1035 2680 ham
1051 2619 1172 2680 Caesaris
1193 2598 1361 2695 expectare,
1382 2623 1411 2678 et
1425 2619 1482 2678 nisi

310 2726 449 2800 peculiari
464 2725 544 2785 salvo
559 2727 704 2801 conductu¹
714 2727 861 2798 provisum
875 2726 913 2785 sit
928 2728 1032 2800 comiti,
1049 2727 1208 2802 consultum
1223 2727 1265 2784 illi
1280 2725 1374 2800 velim,
1399 2727 1482 2785 citius

310 2847 341 2892 se
356 2832 423 2891 hinc
436 2832 594 2904 arriperet3
616 2836 702 2904 atque
716 2830 761 2889 his
776 2830 871 2892 verbis
894 2830 969 2891 adeo
983 2837 1143 2907 permotam
1164 2830 1253 2891 fuisse
1268 2831 1482 2905 Lantgreviam,

311 2943 343 2998 ut
355 2937 518 2997 Adrianum
532 2936 620 2995 amice
634 2941 773 3011 rogasset,
790 2941 905 2997 curaret
918 2943 952 2996 ut
965 2955 1051 3011 quam
1065 2939 1143 2997 ocius
1158 2938 1221 2997 haec
1234 2937 1342 2997 rescire
1356 2951 1480 3012 possem.

310 3044 364 3102 His
379 3043 487 3104 auditis
501 3041 594 3116 primo
607 3042 737 3100 nonnihil
751 3042 846 3102 animo
860 3043 1005 3102 turbatior
1019 3041 1109 3105 fretus
1124 3061 1197 3120 sum,
1212 3041 1303 3102 fretus
1319 3048 1415 3102 ιιιιιιιι
1428 3041 1484 3101 Dei
1574 3075 1579 3082 ι

312 3149 441 3210 bonitate
455 3164 490 3208 ac
503 3147 594 3207 libers
608 3149 781 3207 couscientia
794 3150 846 3208 has
860 3150 953 3208 minas
967 3152 1140 3226 contempsi,
1163 3149 1341 3225 respondens
1355 3146 1484 3208 Adriano

312 3255 381 3314 mihi
394 3271 455 3314 non
468 3253 586 3328 probari
600 3253 732 3313 electoris
748 3255 913 3329 consilium,
939 3271 1038 3314 rerum
1061 3273 1107 3315 me
1130 3257 1327 3330 experturum,
1352 3256 1484 3328 quisnam

314 3361 367 3434 sit,
391 3361 441 3434 qui
455 3359 524 3418 mihi
539 3360 569 3418 in
588 3358 690 3419 faciem
712 3358 893 3420 malefactum
916 3360 1034 3433 aliquod
1048 3362 1191 3420 intentare
1205 3360 1319 3420 audeat.
1359 3359 1485 3420 Hortata

314 3472 410 3526 tamen
422 3465 545 3524 Adriani
558 3468 690 3525 comitem
703 3483 722 3524 a
736 3466 850 3525 Nassau
864 3465 932 3540 adii,
950 3468 998 3540 qui
1013 3467 1043 3525 in
1056 3465 1175 3526 eandem
1189 3481 1299 3526 mecum
1314 3468 1484 3527 sententiam

314 3571 435 3645 pedibus
450 3570 525 3644 ibat,
542 3571 640 3644 sicque
653 3588 701 3631 res
715 3573 802 3647 paulo
817 3571 974 3632 sedatiores
989 3573 1058 3631 visae
1073 3577 1148 3631 sunt.

402 3675 459 3750 Da,
477 3674 590 3734 domine
604 3675 685 3751 Jesu,
700 3677 876 3738 voluntatem
890 3683 1000 3738 rectam
1016 3682 1045 3737 et
1059 3678 1149 3737 vires!

399 3780 515 3841 maden
551 3797 644 3841 comes
670 3799 689 3841 a
711 3783 903 3857 Wigtenstein
939 3785 1053 3844 nomine
1088 3783 1293 3859 archiepiscopi
1322 3783 1488 3844 trevirensis

316 3885 440 3945 Josnuis
451 3887 490 3946 ab
503 3885 652 3963 isenburg,
675 3894 708 3947 ut
722 3888 760 3948 ad
774 3890 874 3950 horam
889 3892 1018 3964 quintam
1034 3905 1124 3950 coenae
1141 3890 1231 3965 ipsius
1248 3892 1387 3950 interesse
1400 3880 1487 3949 relle-

316 4007 388 4066 mus,
403 3995 497 4065 rogat.

405 4095 517 4157 Eodem
540 4099 670 4158 comitem
692 4099 729 4158 ab
752 4099 905 4160 Ebersteiu
929 4105 958 4159 et
978 4100 1147 4161 auunculum
1170 4109 1301 4164 nostrum
1322 4103 1452 4163 comitem
1472 4117 1491 4160 a

318 4203 480 4264 Wertbeim
495 4201 613 4278 Georgii
634 4203 724 4264 filium
743 4207 935 4265 convenimus.
974 4205 1109 4267 Videmus
1129 4208 1313 4269 Wilhelmum
1335 4207 1370 4267 de
1386 4205 1489 4265 Grum-

318 4308 392 4369 bach
408 4307 630 4370 ctHermunum
644 4311 680 4370 de
694 4309 895 4385 Amelungsen.
945 4377 949 4385 ,

408 4414 531 4476 Volebat
545 4415 690 4476 Adrianus
710 4417 879 4493 aZertneu,
902 4423 936 4478 ut
957 4415 1100 4478 dominam
1114 4418 1273 4492 principem
1292 4416 1489 4488 convenirem3

319 4527 352 4583 at
372 4519 453 4595 quod
474 4520 568 4581 adhuc
592 4520 646 4580 sub
666 4523 803 4582 concione
824 4539 908 4583 sacra
930 4522 1036 4584 ibidem
1055 4528 1147 4596 esset,
1171 4520 1208 4580 ad
1229 4521 1384 4597 hospitium
1398 4535 1492 4582 meum

319 4627 435 4692 diverti.

410 4732 604 4794 Licentiatum
618 4731 769 4792 Nicolaum
782 4734 878 4794 Msier
899 4732 1021 4808 prandio
1042 4731 1204 4805 excepimus
1219 4746 1284 4792 cum
1299 4747 1334 4793 eo
1348 4737 1378 4794 et
1392 4731 1490 4793 amici·

321 4839 393 4900 dam
406 4838 537 4902 ineuntes
551 4845 582 4900 et
595 4839 658 4913 ejus
673 4838 794 4900 consilio
809 4838 997 4920 saluberrimo
1012 4839 1064 4898 usi.

367 4955 483 5000 mosas
1259 4947 1279 5004 2
