3700 5692
956 748 1019 817 tta

405 944 504 1002 pones.
543 930 716 1005 Veritatem,
731 930 841 1005 inquit,
858 930 931 991 dioc.
961 931 1080 990 Possem
1094 930 1218 1003 obliquis
1233 930 1409 991 sermonibus
1423 935 1452 989 te
1464 929 1556 991 diutius

408 1033 548 1109 definere,
564 1034 614 1093 sed
629 1034 722 1108 quid?
745 1035 792 1096 Tu
806 1037 920 1096 interim
943 1042 973 1095 et
986 1042 1100 1111 tempus
1115 1042 1192 1095 teres
1207 1041 1237 1095 et
1251 1035 1345 1097 oleum
1360 1041 1388 1095 et
1402 1050 1512 1108 operam
1523 1034 1557 1097 ia-

405 1139 507 1198 ciendo
521 1140 682 1215 sumptibus
697 1139 811 1215 perdes.
850 1141 1040 1216 cogendum
1063 1142 1153 1216 igitur
1167 1141 1237 1216 tibi,
1253 1147 1286 1201 ut
1301 1142 1501 1216 quamprimum
1513 1141 1556 1199 im·

405 1249 568 1317 potatorem
580 1246 757 1305 reconcilies.
795 1248 860 1321 Ego
883 1252 981 1307 autem
1003 1247 1090 1307 tertio
1109 1246 1187 1321 quod
1201 1248 1322 1307 antehac
1336 1246 1406 1320 petii
1427 1245 1556 1319 urgebam

405 1352 522 1424 praesuli
535 1368 589 1425 per
601 1351 747 1411 eudendo
761 1358 930 1426 argumenta
951 1353 1152 1413 demonstrem
1173 1368 1227 1413 nec
1241 1352 1379 1415 ditionem
1393 1367 1446 1413 nec
1459 1368 1502 1411 res
1515 1349 1557 1411 do

404 1457 536 1516 mesticas
558 1456 596 1517 ad
616 1458 702 1517 talem
721 1474 859 1518 summam
878 1458 1089 1532 congerendam
1112 1458 1181 1517 mihi
1203 1456 1351 1532 sufficere,
1368 1457 1436 1530 quin
1457 1457 1558 1528 insuper

404 1560 474 1619 mibi
488 1562 579 1635 magis
593 1562 696 1636 religio
710 1559 795 1637 ieret,
811 1564 836 1621 si
851 1564 952 1624 casuri
967 1580 1031 1624 eam
1046 1580 1183 1623 summum
1198 1563 1332 1625 daturum
1346 1579 1393 1623 me
1407 1563 1558 1636 reciperen,

405 1684 469 1725 cum
485 1684 542 1726 non
558 1674 634 1727 esset
648 1670 751 1729 virium
765 1686 910 1745 mearum,
932 1672 1071 1745 majorem
1093 1670 1207 1729 casaris
1227 1670 1301 1727 iram
1314 1668 1345 1727 in
1359 1683 1406 1727 me
1420 1666 1557 1742 cencium

405 1772 473 1845 quia
487 1772 624 1832 solvendo
640 1788 696 1832 non
714 1775 767 1832 sim
781 1780 836 1835 etc.
861 1774 919 1835 Sed
933 1777 978 1835 bis
993 1774 1098 1835 cuditis
1113 1774 1219 1848 presul
1233 1774 1290 1834 ait:
1313 1773 1381 1833 dam
1395 1770 1502 1845 pridem
1514 1767 1556 1827 tib'

404 1876 477 1950 dixi,
500 1880 533 1936 ut
546 1894 579 1937 se
598 1894 647 1938 res
665 1880 789 1955 babent,
814 1882 886 1942 nibil
904 1896 1020 1955 possum
1039 1879 1169 1955 amplius.
1208 1878 1317 1939 Videns
1336 1877 1425 1952 igitur
1444 1871 1558 1935 Eubulus

404 1983 612 2043 conclamatum
634 2002 706 2059 esse,
731 1987 840 2061 Nequit
860 1988 950 2063 igitur
969 1985 1056 2047 aliter
1074 1982 1158 2045 fieri?
1179 1983 1252 2044 dixit
1266 1982 1476 2047 coenaremus:
1496 1978 1557 2037 Pro·

404 2086 489 2163 lecto,
505 2091 612 2163 nequit.
637 2091 710 2150 Tum
724 2091 867 2152 Eubulus:
890 2093 970 2167 Ergo
985 2091 1049 2152 Deo
1064 2092 1156 2152 omnis
1176 2106 1263 2151 causa
1278 2088 1488 2149 committenda.
1514 2084 1560 2143 le

405 2210 458 2267 ego
473 2194 635 2255 destructus
650 2213 712 2255 sum
728 2202 759 2257 et
772 2198 855 2271 quasi
869 2197 907 2258 ad
921 2197 1135 2257 mendicitatem
1148 2196 1274 2271 redigor.
1299 2194 1455 2266 Oondole0‚
1470 2190 1557 2263 iuquit

403 2299 457 2358 tibi
472 2300 579 2374 proesul
594 2318 630 2360 ex
644 2303 748 2362 auimo.
776 2303 816 2362 Et
830 2303 855 2362 si
869 2303 940 2377 quid
953 2307 1097 2377 preterea
1110 2301 1276 2377 potuissem,
1292 2305 1427 2375 prompta
1442 2297 1559 2359 uoluntas

403 2419 475 2478 erge
488 2411 518 2465 te
532 2422 597 2466 mea
610 2424 670 2467 non
685 2407 784 2468 detuit.
812 2409 878 2483 Ipse
894 2409 970 2467 enim
984 2424 1071 2481 quam
1084 2408 1137 2467 tibi
1151 2423 1311 2481 propensus
1326 2404 1442 2479 luerim
1462 2401 1557 2471 uidisti

403 2510 498 2569 omnia
513 2528 650 2586 namque,
672 2530 737 2587 quae
755 2530 832 2573 nunc
845 2531 865 2574 a
879 2530 925 2573 me
939 2514 1002 2587 ipse
1025 2519 1057 2573 tu
1080 2513 1228 2587 summu,
1253 2510 1353 2571 eadem
1368 2515 1399 2571 et
1413 2512 1457 2569 bis
1471 2507 1559 2571 similit

402 2616 466 2675 beri
479 2617 569 2677 nobili
588 2618 637 2678 isti
657 2618 836 2696 (existimans
856 2620 1005 2680 Liberium
1023 2627 1061 2678 ex
1074 2619 1129 2677 isto
1149 2617 1296 2678 bominum
1311 2631 1420 2689 genere
1434 2610 1506 2688 csse)
1519 2627 1556 2671 re

402 2721 465 2781 tuli.
503 2723 698 2799 interroganti
718 2726 806 2800 igitur
826 2727 935 2801 ipsum,
952 2724 1022 2799 quid
1037 2725 1074 2785 de
1088 2723 1292 2797 capitulatione
1306 2720 1435 2781 futurum
1451 2721 1495 2793 sit,
1515 2718 1557 2788 ait,

403 2828 551 2888 conscribe
572 2830 642 2889 mibi
662 2830 864 2904 obligationem
882 2836 912 2891 et
927 2846 1013 2905 ocyus
1032 2832 1086 2893 tibi
1106 2829 1340 2906 capitulationem
1354 2827 1478 2889 madum.
1513 2820 1559 2883 Sed

402 2950 467 2992 cum
490 2935 615 2995 dicerem
632 2952 678 2995 me
701 2937 818 2997 medum
836 2936 1104 2997 conscribendarum
1124 2934 1227 2995 harum
1245 2934 1370 3007 nescim,
1393 2934 1456 3007 ipse
1468 2926 1559 3004 presul

402 3037 522 3100 formem
537 3041 681 3113 quandam
703 3044 765 3116 ejm
780 3042 880 3117 scripti
900 3040 1055 3103 referebat.
1092 3040 1204 3115 Rogavi
1219 3040 1316 3113 igitur,
1332 3044 1366 3099 ut
1380 3056 1434 3113 per
1448 3040 1557 3097 suueu-
1636 3094 1637 3119 ἒ

401 3146 477 3203 rium
490 3160 573 3203 suum
587 3162 651 3205 eam
665 3146 735 3205 mibi
748 3146 889 3207 conscribi
903 3148 1093 3221 permitteret.
1114 3146 1240 3220 Negavit
1253 3143 1283 3204 id
1297 3141 1362 3203 fieri
1377 3158 1470 3219 posse.
1500 3138 1558 3199 Gon
1636 3122 1637 3141 ³

402 3264 471 3308 vero
484 3266 611 3310 mensem
624 3252 733 3311 Julium
747 3252 899 3312 erminum
919 3252 959 3312 ad
979 3251 1126 3313 dimidium
1148 3266 1266 3311 summes
1286 3249 1470 3324 pendendum
1483 3245 1559 3307 nomi·

402 3361 495 3430 naret,
511 3361 542 3415 et
555 3372 608 3431 ego
624 3357 747 3418 dicerem
756 3358 787 3418 id
801 3374 856 3432 per
869 3357 1127 3433 impossibilitatem
1140 3354 1204 3416 fieri
1218 3370 1276 3415 nou
1291 3371 1387 3431 posse,
1404 3354 1488 3415 dixit:
1509 3350 1558 3411 Dee

401 3462 493 3534 primo
508 3468 633 3535 quatuor
647 3464 745 3522 millia.
784 3464 822 3522 Et
837 3462 1024 3537 posteaquam
1041 3462 1109 3521 hinc
1122 3467 1210 3537 etque
1229 3461 1297 3521 hine
1311 3476 1459 3523 sermones
1473 3461 1558 3519 eentu-

401 3566 543 3642 liasemus,
558 3567 676 3628 undem
691 3570 792 3644 inquit,
808 3568 845 3628 de
858 3556 988 3628 terminis
1004 3570 1028 3627 si
1043 3568 1196 3642 quidboni
1211 3581 1298 3641 egere
1312 3582 1440 3641 mesum,
1456 3576 1558 3637 operam

401 3689 494 3733 meam
507 3674 562 3735 tibi
575 3677 728 3749 pollicitor.
764 3677 804 3735 Et
817 3676 880 3735 baec
893 3676 955 3748 ejus
969 3672 1075 3734 fabulae
1088 3672 1272 3746 musuophe
1287 3676 1360 3745 eat,
1376 3674 1445 3737 lieet
1458 3685 1502 3733 res
1515 3666 1558 3725 mi·

401 3778 476 3838 nime
490 3777 622 3840 fabulosa
636 3782 683 3841 sit.
707 3782 850 3855 Episcopo
866 3782 954 3855 igitur
962 3781 1070 3854 gratim
1079 3775 1126 3854 egi
1140 3795 1186 3839 me
1200 3778 1256 3853 ipsi
1270 3778 1308 3839 ad
1323 3775 1419 3839 officia
1439 3774 1557 3836 offerens.

489 3884 634 3944 Reuersus
648 3886 687 3945 ad
701 3885 856 3961 hospitium
879 3886 990 3945 eenritis
1012 3884 1167 3958 Wilhelmi,
1188 3888 1358 3945 narraturus
1373 3890 1440 3957 qtae
1460 3880 1556 3943 evenis

401 3991 475 4060 aeut,
491 3989 634 4065 contendi,
650 4008 749 4050 uerum
763 3992 788 4051 is
801 3992 886 4051 domo
901 3991 1011 4051 aberet.
1035 3989 1153 4051 Glasero
1168 3994 1273 4065 autem
1286 3991 1335 4064 qui
1350 3988 1413 4049 iare
1427 3991 1457 4047 in
1471 3983 1556 4045 eaden

381 4092 499 4165 -platea
511 4093 699 4169 mansitabat,
723 4096 912 4170 injunximus,
934 4100 967 4155 ut
984 4096 1023 4157 ad
1044 4097 1188 4157 seniorem
1203 4096 1239 4157 de
1253 4096 1446 4170 Henneberg,
1467 4106 1519 4166 quo
1531 4089 1555 4145 iu

343 4199 351 4213 ⁸
401 4203 479 4259 statu
493 4214 541 4259 res
555 4204 666 4260 nosue
680 4207 785 4275 esseut,
800 4202 1002 4275 perscriberet.

490 4303 629 4365 Comitem
644 4304 828 4366 Wilbelmum
846 4305 925 4380 apud
948 4304 1145 4367 boloniensem
1167 4308 1328 4383 reperiens,
1351 4306 1419 4367 huic
1431 4320 1491 4364 rem
1504 4314 1553 4359 ou·

401 4426 468 4469 nem
482 4413 669 4486 narrammus,
684 4418 820 4486 rogantes
835 4417 868 4471 ut
881 4411 997 4471 audiret
1010 4430 1029 4472 a
1044 4412 1223 4488 coloniense,
1243 4428 1312 4471 num
1326 4428 1379 4485 pro
1394 4409 1476 4473 nobie
1488 4400 1555 4479 apud

400 4516 618 4577 atrebatensem
633 4519 814 4579 intercedere
827 4518 915 4578 vellet
929 4535 982 4578 nec
995 4534 1042 4577 ue.
1067 4516 1152 4590 Quod
1166 4522 1199 4577 ut
1213 4533 1306 4577 munes
1319 4515 1443 4590 lecisset,
1457 4513 1553 4588 episcc-

400 4638 455 4695 pus
469 4623 627 4697 respondit,
642 4624 720 4683 inter
733 4623 795 4683 dies
809 4639 912 4684 nouem
927 4628 979 4682 aut
994 4623 1092 4683 meam
1106 4624 1143 4685 de
1162 4624 1208 4683 bis
1221 4624 1293 4683 nihil
1307 4621 1370 4684 fieri
1384 4636 1477 4697 posse.
1504 4664 1510 4669 -

454 4729 459 4735 '
488 4728 925 4804 Prunsisnmuscumepiscopc,
941 4728 991 4789 ubi
1003 4730 1227 4789 aderautcomes
1238 4724 1552 4789 wilhelmusurlaesuu

402 4812 569 4891 tumemus
584 4848 603 4890 a
617 4833 817 4909 wigonem,
834 4834 902 4895 eso
916 4849 936 4895 a
951 4833 1134 4909 senonum,
1158 4833 1408 4903 decernemus
1421 4828 1551 4889 naseec
