3700 5692
843 764 908 832 lea

283 950 422 1024 jactatam
435 962 489 1022 pro
503 948 586 1009 nobis
600 946 779 1009 intercedere
793 946 889 1024 vellet,
908 949 959 1023 uui
974 949 1076 1009 catena
1091 948 1146 1011 diis
1161 951 1382 1026 opitulatoribus
1396 954 1463 1016 dori
1586 1035 1588 1039 .

285 1054 446 1129 proximior
459 1070 524 1113 esse
538 1053 679 1115 videatur.
709 1054 876 1129 Requisitus
891 1060 969 1115 esta
989 1056 1071 1116 uobis
1089 1060 1120 1115 et
1134 1056 1279 1135 Luderitu,
1303 1060 1353 1134 qui
1367 1061 1462 1145 omnia

285 1160 440 1235 pollicitus.
477 1159 622 1219 Reversus
643 1163 691 1220 est
710 1165 741 1220 et
761 1161 884 1221 Noricus
905 1161 968 1237 ille,
996 1161 1049 1221 sed
1070 1162 1196 1223 nondum
1216 1168 1461 1239 opportunitatem

285 1271 389 1325 nactus
404 1270 458 1324 est.

335 1428 339 1435 .
374 1370 463 1445 Apud
485 1368 685 1431 (delaniensem
706 1370 756 1430 ubi
776 1373 901 1447 primum
921 1372 999 1447 ipsas
1022 1372 1099 1434 aedes
1121 1375 1289 1436 accessimus
1317 1379 1460 1439 acomitc

284 1478 430 1536 Ottcuea
450 1476 625 1551 Schomberg
642 1473 732 1537 mame
754 1492 891 1551 germano
913 1478 1039 1552 episcopi
1059 1480 1170 1553 excepti
1189 1496 1285 1541 sumus
1305 1484 1384 1543 etin
1398 1500 1458 1545 ma·

283 1596 372 1669 guum
392 1580 618 1655 hyberuaculum
639 1581 763 1655 deducti,
786 1582 837 1642 ubi
856 1582 998 1643 Emestus
1020 1600 1038 1643 a
1061 1584 1153 1644 Solms
1172 1600 1236 1645 cum
1255 1585 1347 1647 fraus
1368 1588 1459 1649 Eber=

281 1687 377 1747 leardo
398 1702 434 1747 ac
454 1684 531 1745 lilius
550 1685 692 1747 Gothardi
712 1687 844 1747 Ketteler
866 1688 984 1761 equitis,
1008 1688 1150 1749 Erneatus
1172 1707 1285 1764 quoque
1307 1692 1457 1755 eschom-

282 1794 356 1869 berg
370 1798 402 1853 et
416 1808 510 1852 comes
523 1792 637 1869 Lippia
647 1793 746 1867 junior
760 1793 891 1853 ederent.
926 1794 1123 1869 Archipreesul
1142 1795 1257 1855 taudem
1277 1803 1308 1857 et
1325 1800 1388 1872 ipse
1408 1814 1457 1859 ve·

281 1902 365 1959 niens
385 1914 524 1958 summam
541 1914 602 1974 prta
622 1914 654 1959 se
672 1898 878 1958 humanitatem
898 1900 1035 1974 praetulit,
1059 1906 1161 1973 optans
1175 1901 1290 1962 Eubulo
1305 1920 1459 1979 prosperos

280 2005 346 2064 initi
361 2005 536 2065 matrimonii
549 2020 706 2077 successus,
726 2005 776 2078 qui
789 2004 920 2065 Eubulus
937 2009 966 2063 et
980 2003 1274 2080 archipraesulisuam
1289 2007 1457 2083 dignitatem

280 2109 393 2169 felicem
415 2125 478 2170 esse
499 2109 671 2185 imprecatus
694 2114 748 2183 est,
772 2109 880 2170 addens
901 2114 934 2169 ut
953 2111 1045 2185 possit
1061 2107 1126 2169 fieri
1141 2126 1198 2183 quo
1218 2111 1281 2171 heac
1294 2128 1393 2173 rerum
1407 2133 1457 2190 gu·

280 2215 414 2275 beruatio
429 2219 505 2275 essct
518 2214 557 2275 ad
571 2215 692 2275 salutem
705 2216 810 2275 anime
824 2215 959 2291 episcopi.
996 2215 1076 2275 Inter
1095 2217 1268 2278 ooeuaudum
1287 2218 1354 2279 lecti
1374 2225 1457 2280 eraut

270 2321 438 2381 'sermones

370 2426 398 2485 Δ
419 2441 504 2486 coeua
524 2424 561 2485 de
581 2426 669 2485 variis
692 2442 756 2485 cum
776 2424 891 2485 Eubulo
913 2428 1034 2488 contulit
1053 2429 1126 2488 mire
1146 2428 1325 2504 vulpeculam
1345 2434 1454 2504 tegens.

278 2531 413 2593 Tandem
433 2536 552 2607 rogatus
573 2531 611 2590 ab
632 2530 762 2605 Rutulo,
785 2537 819 2591 ut
839 2548 892 2605 pro
913 2535 978 2609 ipsc
1000 2534 1078 2609 apud
1101 2550 1254 2595 caesaream
1277 2536 1455 2610 majestatem

277 2636 484 2709 intercederet,
508 2638 665 2712 composito
683 2638 765 2697 vultu
786 2654 818 2697 se
838 2643 941 2712 sponte
961 2640 992 2701 id
1012 2638 1154 2701 facturum
1174 2641 1292 2717 recepit.
1329 2642 1404 2702 Nam
1418 2643 1456 2703 ad

278 2745 358 2805 diem
373 2742 551 2815 dominicam,
576 2743 679 2816 inquit,
700 2743 776 2803 iuter
789 2744 862 2805 alios
877 2747 1011 2806 couvims
1025 2746 1156 2807 domiuus
1170 2764 1189 2807 a
1204 2746 1385 2808 Grandevela
1398 2732 1456 2807 una

276 2867 344 2910 cum
365 2863 457 2909 uxore
477 2854 507 2907 et
526 2847 626 2907 liberis
647 2850 794 2910 nobiscum
816 2869 975 2927 pransurus
996 2858 1054 2927 cst,
1078 2853 1172 2915 aderit
1195 2859 1224 2913 et
1245 2852 1454 2915 Atrebatensis.

276 2956 355 3015 Tum
377 2959 474 3015 autem
496 2956 633 3029 temporis
652 2969 746 3015 comes
766 2972 785 3017 a
802 2957 918 3019 Nassau
937 2960 974 3019 ob
995 2959 1188 3020 valetudinem
1208 2976 1299 3021 ccenae
1314 2960 1454 3035 archiepi-

277 3061 360 3137 scopi
374 3077 434 3121 uon
447 3060 596 3120 intererat

368 3167 391 3240 ij
405 3166 487 3227 Juuii
501 3167 679 3227 ecclesiastes
694 3166 810 3241 quidam
824 3167 855 3225 iu
869 3168 976 3241 templo
996 3169 1141 3227 Minorum
1162 3188 1198 3229 ex
1219 3186 1282 3245 cap.
1306 3176 1347 3231 14
1362 3172 1452 3232 Joau·

275 3274 322 3332 uis
337 3272 524 3332 concionatus
539 3278 591 3347 cst,
614 3273 749 3332 nimirum
764 3272 801 3333 de
814 3272 859 3331 his
873 3272 968 3332 verbis
984 3272 1103 3333 Christi:
1132 3275 1191 3333 «Ec
1205 3292 1259 3350 ego
1279 3278 1386 3351 rogabo
1402 3294 1452 3352 pa·

275 3385 362 3453 uem,
372 3381 404 3437 et
414 3378 502 3438 alium
512 3378 721 3439 consolatorem
735 3377 815 3438 dabit
829 3378 911 3438 vobis
924 3382 958 3437 ut
969 3384 1087 3437 maneat
1100 3379 1246 3439 vobiscum
1259 3382 1291 3439 in
1304 3386 1452 3457 catomum,

274 3485 411 3558 spiritum
431 3483 575 3557 veritatis,
599 3499 684 3558 quem
705 3485 828 3544 muudus
849 3500 906 3543 nou
924 3488 1019 3557 potest
1037 3484 1182 3558 accipere,
1208 3487 1275 3558 quia
1297 3502 1355 3545 uon
1374 3487 1453 3547 videt

274 3606 343 3649 eum
357 3603 414 3648 uec
432 3589 514 3649 novit
531 3604 605 3664 eum,
629 3605 680 3652 vos
699 3595 795 3650 autem
815 3591 986 3665 cognovistis
1006 3604 1080 3663 eum,
1105 3590 1172 3662 quia
1190 3591 1268 3665 apud
1287 3608 1338 3651 vos
1356 3599 1453 3653 manet

274 3696 351 3757 etin
362 3693 449 3753 vobis
463 3695 528 3754 erit.
551 3696 618 3755 Non
632 3696 794 3770 relinquam
808 3711 859 3756 vce
874 3696 1028 3772 orphanos,
1044 3696 1156 3755 veniam
1171 3694 1209 3755 ad
1223 3711 1303 3756 voa«
1335 3697 1394 3756 Hic
1410 3699 1453 3758 ait

274 3818 308 3861 se
327 3801 467 3860 hestema
485 3799 532 3860 die
551 3802 689 3876 prolixius
712 3802 748 3862 de
768 3802 813 3860 his
832 3802 919 3862 rebus
940 3802 1138 3862 concionatum
1158 3816 1231 3861 esse.
1268 3802 1451 3863 Paracletum

273 3913 375 3967 autem
389 3906 530 3980 spiritum,
553 3914 661 3982 prater
676 3909 755 3983 quad
768 3909 932 3969 consolator
946 3908 993 3982 sit,
1017 3909 1103 3967 etiam
1120 3906 1193 3968 illud
1211 3924 1314 3968 munus
1333 3909 1449 3985 habere,

273 4015 387 4073 scilicet
408 4012 486 4086 quod
507 4016 648 4092 patronus
668 4020 697 4074 et
716 4015 872 4075 advocatus
892 4014 931 4072 sit
953 4020 983 4073 et
1003 4015 1028 4072 is
1050 4012 1099 4087 qui
1119 4013 1283 4090 interpellet
1302 4025 1357 4092 pro
1376 4018 1449 4077 aliis.

273 4120 420 4194 Quamdiu
434 4120 510 4177 enim
524 4118 655 4180 Christus
668 4121 699 4179 iu
716 4121 802 4179 terris
822 4119 1054 4194 conversabatur,
1077 4120 1198 4193 ipsemet
1216 4120 1345 4186 christus
1366 4122 1449 4183 disci-

272 4226 411 4299 pulorum
432 4240 549 4283 suorum
570 4226 733 4285 consolator
754 4223 821 4299 luit,
846 4225 894 4299 qui
916 4230 946 4284 et
967 4225 1125 4300 ipsissimus
1150 4228 1285 4287 ac-solus
1309 4227 1450 4288 mediator

272 4333 352 4390 inter
367 4330 462 4390 Deum
476 4335 508 4389 ct
520 4331 676 4405 hominem3
702 4331 740 4390 ed
755 4332 843 4391 coelos
858 4337 955 4390 autem
969 4331 1127 4391 ascendens
1143 4332 1227 4408 huuc,
1251 4332 1287 4393 de
1302 4350 1359 4407 quc
1373 4349 1449 4393 nunc

271 4452 370 4496 sermo
391 4441 449 4510 est,
472 4438 583 4496 remisit
601 4436 777 4511 paracletum
796 4438 928 4513 spiritum
950 4437 1030 4497 illum
1052 4438 1190 4497 veritatis.
1226 4439 1255 4495 Is
1276 4437 1358 4498 uobis
1377 4438 1450 4498 nihil

271 4548 384 4619 praeter
397 4542 549 4601 veritatem
562 4543 699 4617 loquitur.
729 4540 835 4604 Adfert
853 4549 883 4603 et
901 4544 1041 4619 aperitin
1060 4544 1174 4618 scriptis
1193 4542 1357 4617 apostolicis
1372 4546 1447 4604 veri·

271 4653 366 4708 tatem
384 4646 466 4707 illam
488 4649 691 4724 evangelicam,
715 4666 798 4709 omne
817 4664 975 4722 verumac
995 4650 1101 4710 bonum
1122 4663 1174 4707 uos
1195 4648 1279 4709 docet
1300 4664 1334 4707 aa
1348 4646 1448 4709 afflatu

272 4768 327 4813 suo
341 4768 396 4812 uos
411 4754 531 4828 aspirat.
560 4754 615 4815 Est
629 4761 658 4814 et
672 4755 744 4815 alius
759 4756 877 4831 spiritus
897 4756 934 4815 de
954 4771 1010 4829 quo
1026 4753 1155 4814 Christus
1174 4755 1194 4814 J
1195 4756 1295 4814 oannis
1318 4756 1336 4813 8
1353 4755 1446 4830 loqui·

272 4862 332 4935 tur,
347 4874 455 4921 vocaus
470 4876 535 4920 eum
548 4860 689 4922 hunnum
703 4861 741 4920 ab
755 4861 846 4937 initio,
862 4862 957 4935 quiin
971 4861 1091 4921 veritate
1103 4875 1162 4920 nou
1175 4862 1339 4934 permansit.
1370 4862 1446 4922 Nam
