<?xml version="1.0" encoding="UTF-8"?>
<!DOCTYPE html PUBLIC "-//W3C//DTD XHTML 1.0 Transitional//EN"
    "http://www.w3.org/TR/xhtml1/DTD/xhtml1-transitional.dtd">
<html xmlns="http://www.w3.org/1999/xhtml" xml:lang="en" lang="en">
 <head>
  <title>
</title>
<meta http-equiv="Content-Type" content="text/html;charset=utf-8" />
  <meta name='ocr-system' content='tesseract 3.04.00' />
  <meta name='ocr-capabilities' content='ocr_page ocr_carea ocr_par ocr_line ocrx_word'/>
</head>
<body>
  <div class='ocr_page' id='page_1' title='image "./scherzgedichte01laurgoog/scherzgedichte01laurgoog_0511.png"; bbox 0 0 3700 5692; ppageno 0'>
   <div class='ocr_carea' id='block_1_1' title="bbox 920 724 986 795">
    <p class='ocr_par' dir='ltr' id='par_1_1' title="bbox 920 724 986 795">
     <span class='ocr_line' id='line_1_1' title="bbox 920 724 986 795; baseline 0.03 -2"><span class='ocrx_word' id='word_1_1' title='bbox 920 724 986 795; x_wconf 74' lang='grc' dir='ltr'>1Ὶο</span> 
     </span>
    </p>
   </div>
   <div class='ocr_carea' id='block_1_2' title="bbox 362 910 1545 2469">
    <p class='ocr_par' dir='ltr' id='par_1_2' title="bbox 362 910 1545 2469">
     <span class='ocr_line' id='line_1_2' title="bbox 368 910 1542 991; baseline -0.002 -16"><span class='ocrx_word' id='word_1_2' title='bbox 368 919 428 991; x_wconf 82' lang='lat' dir='ltr'>ret,</span> <span class='ocrx_word' id='word_1_3' title='bbox 452 913 582 988; x_wconf 89' lang='lat' dir='ltr'>petimus,</span> <span class='ocrx_word' id='word_1_4' title='bbox 603 910 736 974; x_wconf 89' lang='lat' dir='ltr'>comitem</span> <span class='ocrx_word' id='word_1_5' title='bbox 750 912 782 971; x_wconf 89' lang='lat' dir='ltr'>in</span> <span class='ocrx_word' id='word_1_6' title='bbox 795 910 881 981; x_wconf 82' lang='lat' dir='ltr'>horte</span> <span class='ocrx_word' id='word_1_7' title='bbox 899 910 1129 973; x_wconf 68' lang='lat' dir='ltr'>deambulantem</span> <span class='ocrx_word' id='word_1_8' title='bbox 1142 912 1330 989; x_wconf 66' lang='lat' dir='ltr'>reperientes,</span> <span class='ocrx_word' id='word_1_9' title='bbox 1356 913 1412 973; x_wconf 55' lang='lat' dir='ltr'>cui*</span> <span class='ocrx_word' id='word_1_10' title='bbox 1424 915 1542 987; x_wconf 86' lang='lat' dir='ltr'>postes·</span> 
     </span>
     <span class='ocr_line' id='line_1_3' title="bbox 369 1013 1544 1095; baseline 0 -16"><span class='ocrx_word' id='word_1_11' title='bbox 369 1034 455 1094; x_wconf 77' lang='lat' dir='ltr'>quum</span> <span class='ocrx_word' id='word_1_12' title='bbox 469 1017 543 1079; x_wconf 85' lang='lat' dir='ltr'>diem</span> <span class='ocrx_word' id='word_1_13' title='bbox 566 1016 645 1079; x_wconf 83' lang='lat' dir='ltr'>ilium</span> <span class='ocrx_word' id='word_1_14' title='bbox 668 1016 712 1077; x_wconf 88' lang='lat' dir='ltr'>iili</span> <span class='ocrx_word' id='word_1_15' title='bbox 729 1013 854 1078; x_wconf 76' lang='lat' dir='ltr'>musteus</span> <span class='ocrx_word' id='word_1_16' title='bbox 875 1018 986 1093; x_wconf 81' lang='lat' dir='ltr'>pressu</span> <span class='ocrx_word' id='word_1_17' title='bbox 1007 1030 1121 1093; x_wconf 85' lang='lat' dir='ltr'>somus,</span> <span class='ocrx_word' id='word_1_18' title='bbox 1143 1018 1236 1092; x_wconf 86' lang='lat' dir='ltr'>ipsum</span> <span class='ocrx_word' id='word_1_19' title='bbox 1253 1017 1544 1095; x_wconf 71' lang='lat' dir='ltr'>intsmogsrimusoi</span> 
     </span>
     <span class='ocr_line' id='line_1_4' title="bbox 368 1121 1542 1201; baseline 0.001 -17"><span class='ocrx_word' id='word_1_20' title='bbox 368 1124 534 1199; x_wconf 88' lang='lat' dir='ltr'>quidboni,</span> <span class='ocrx_word' id='word_1_21' title='bbox 559 1123 636 1197; x_wconf 90' lang='lat' dir='ltr'>quod</span> <span class='ocrx_word' id='word_1_22' title='bbox 655 1123 694 1184; x_wconf 85' lang='lat' dir='ltr'>ed</span> <span class='ocrx_word' id='word_1_23' title='bbox 713 1123 863 1198; x_wconf 71' lang='lat' dir='ltr'>negocium</span> <span class='ocrx_word' id='word_1_24' title='bbox 882 1126 1012 1183; x_wconf 78' lang='lat' dir='ltr'>noenum</span> <span class='ocrx_word' id='word_1_25' title='bbox 1027 1121 1152 1199; x_wconf 77' lang='lat' dir='ltr'>feceret,</span> <span class='ocrx_word' id='word_1_26' title='bbox 1173 1126 1339 1201; x_wconf 79' lang='lat' dir='ltr'>accepisset.</span> <span class='ocrx_word' id='word_1_27' title='bbox 1370 1122 1542 1200; x_wconf 76' lang='lat' dir='ltr'>Respondit,</span> 
     </span>
     <span class='ocr_line' id='line_1_5' title="bbox 367 1227 1544 1307; baseline 0 -17"><span class='ocrx_word' id='word_1_28' title='bbox 367 1245 486 1307; x_wconf 89' lang='lat' dir='ltr'>prorsus</span> <span class='ocrx_word' id='word_1_29' title='bbox 504 1228 598 1289; x_wconf 85' lang='lat' dir='ltr'>edbuo</span> <span class='ocrx_word' id='word_1_30' title='bbox 619 1227 705 1289; x_wconf 84' lang='lat' dir='ltr'><strong>nihil.</strong></span> <span class='ocrx_word' id='word_1_31' title='bbox 743 1228 855 1304; x_wconf 75' lang='lat' dir='ltr'>Rogavi</span> <span class='ocrx_word' id='word_1_32' title='bbox 874 1229 964 1302; x_wconf 77' lang='lat' dir='ltr'>igitur</span> <span class='ocrx_word' id='word_1_33' title='bbox 987 1235 1020 1289; x_wconf 89' lang='lat' dir='ltr'>ot</span> <span class='ocrx_word' id='word_1_34' title='bbox 1039 1244 1057 1289; x_wconf 86' lang='lat' dir='ltr'>u</span> <span class='ocrx_word' id='word_1_35' title='bbox 1073 1227 1416 1306; x_wconf 80' lang='lat' dir='ltr'>Coloniensesxpiscsri,</span> <span class='ocrx_word' id='word_1_36' title='bbox 1432 1228 1544 1303; x_wconf 87' lang='lat' dir='ltr'>siquid</span> 
     </span>
     <span class='ocr_line' id='line_1_6' title="bbox 367 1332 1542 1410; baseline -0.002 -13"><span class='ocrx_word' id='word_1_37' title='bbox 367 1332 473 1397; x_wconf 63' lang='lat' dir='ltr'>mium</span> <span class='ocrx_word' id='word_1_38' title='bbox 487 1334 534 1409; x_wconf 84' lang='lat' dir='ltr'>sit,</span> <span class='ocrx_word' id='word_1_39' title='bbox 552 1334 730 1409; x_wconf 73' lang='lat' dir='ltr'>digumctur.</span> <span class='ocrx_word' id='word_1_40' title='bbox 754 1334 838 1406; x_wconf 82' lang='lat' dir='ltr'>Quod</span> <span class='ocrx_word' id='word_1_41' title='bbox 852 1350 884 1394; x_wconf 91' lang='lat' dir='ltr'>se</span> <span class='ocrx_word' id='word_1_42' title='bbox 898 1336 1108 1409; x_wconf 71' lang='lat' dir='ltr'>promptissime</span> <span class='ocrx_word' id='word_1_43' title='bbox 1119 1333 1261 1397; x_wconf 69' lang='lat' dir='ltr'>moturum</span> <span class='ocrx_word' id='word_1_44' title='bbox 1276 1336 1327 1410; x_wconf 88' lang='lat' dir='ltr'>sit,</span> <span class='ocrx_word' id='word_1_45' title='bbox 1342 1350 1377 1395; x_wconf 87' lang='lat' dir='ltr'>oc</span> <span class='ocrx_word' id='word_1_46' title='bbox 1391 1351 1461 1397; x_wconf 83' lang='lat' dir='ltr'>mox</span> <span class='ocrx_word' id='word_1_47' title='bbox 1473 1350 1542 1395; x_wconf 88' lang='lat' dir='ltr'>cou-</span> 
     </span>
     <span class='ocr_line' id='line_1_7' title="bbox 367 1438 1542 1516; baseline 0.001 -16"><span class='ocrx_word' id='word_1_48' title='bbox 367 1456 489 1516; x_wconf 77' lang='lat' dir='ltr'>surgcns</span> <span class='ocrx_word' id='word_1_49' title='bbox 510 1438 753 1513; x_wconf 79' lang='lat' dir='ltr'>archiepiscopum</span> <span class='ocrx_word' id='word_1_50' title='bbox 776 1438 863 1513; x_wconf 87' lang='lat' dir='ltr'>odiit,</span> <span class='ocrx_word' id='word_1_51' title='bbox 889 1439 975 1500; x_wconf 88' lang='lat' dir='ltr'>nobis</span> <span class='ocrx_word' id='word_1_52' title='bbox 999 1446 1093 1500; x_wconf 85' lang='lat' dir='ltr'>sutem</span> <span class='ocrx_word' id='word_1_53' title='bbox 1116 1441 1210 1515; x_wconf 90' lang='lat' dir='ltr'>ipsum</span> <span class='ocrx_word' id='word_1_54' title='bbox 1232 1440 1436 1501; x_wconf 71' lang='lat' dir='ltr'>comitantibus</span> <span class='ocrx_word' id='word_1_55' title='bbox 1452 1440 1542 1501; x_wconf 83' lang='lat' dir='ltr'>dixit:</span> 
     </span>
     <span class='ocr_line' id='line_1_8' title="bbox 366 1543 1544 1621; baseline -0.002 -14"><span class='ocrx_word' id='word_1_56' title='bbox 366 1546 431 1621; x_wconf 74' lang='lat' dir='ltr'>ugo</span> <span class='ocrx_word' id='word_1_57' title='bbox 444 1550 525 1605; x_wconf 85' lang='lat' dir='ltr'>recto</span> <span class='ocrx_word' id='word_1_58' title='bbox 548 1544 587 1605; x_wconf 89' lang='lat' dir='ltr'>ed</span> <span class='ocrx_word' id='word_1_59' title='bbox 602 1543 801 1605; x_wconf 78' lang='lat' dir='ltr'>Coloniensem</span> <span class='ocrx_word' id='word_1_60' title='bbox 824 1544 873 1604; x_wconf 90' lang='lat' dir='ltr'>ibo</span> <span class='ocrx_word' id='word_1_61' title='bbox 892 1549 922 1605; x_wconf 88' lang='lat' dir='ltr'>et</span> <span class='ocrx_word' id='word_1_62' title='bbox 943 1544 1081 1619; x_wconf 79' lang='lat' dir='ltr'>quioqoid</span> <span class='ocrx_word' id='word_1_63' title='bbox 1102 1562 1138 1607; x_wconf 88' lang='lat' dir='ltr'>ex</span> <span class='ocrx_word' id='word_1_64' title='bbox 1160 1562 1195 1605; x_wconf 93' lang='lat' dir='ltr'>eo</span> <span class='ocrx_word' id='word_1_65' title='bbox 1220 1560 1392 1621; x_wconf 75' lang='lat' dir='ltr'>cognovero,</span> <span class='ocrx_word' id='word_1_66' title='bbox 1416 1546 1498 1607; x_wconf 86' lang='lat' dir='ltr'>ocius</span> <span class='ocrx_word' id='word_1_67' title='bbox 1512 1550 1544 1605; x_wconf 87' lang='lat' dir='ltr'>te</span> 
     </span>
     <span class='ocr_line' id='line_1_9' title="bbox 366 1649 1544 1727; baseline 0 -14"><span class='ocrx_word' id='word_1_68' title='bbox 366 1652 473 1713; x_wconf 87' lang='lat' dir='ltr'>rescire</span> <span class='ocrx_word' id='word_1_69' title='bbox 487 1649 599 1711; x_wconf 82' lang='lat' dir='ltr'>faeiem.</span> <span class='ocrx_word' id='word_1_70' title='bbox 623 1649 716 1725; x_wconf 71' lang='lat' dir='ltr'>igitur</span> <span class='ocrx_word' id='word_1_71' title='bbox 729 1656 795 1724; x_wconf 86' lang='lat' dir='ltr'>post</span> <span class='ocrx_word' id='word_1_72' title='bbox 808 1649 919 1711; x_wconf 85' lang='lat' dir='ltr'>horoloe</span> <span class='ocrx_word' id='word_1_73' title='bbox 929 1651 1053 1725; x_wconf 75' lang='lat' dir='ltr'>spatium</span> <span class='ocrx_word' id='word_1_74' title='bbox 1063 1667 1194 1727; x_wconf 89' lang='lat' dir='ltr'>puerum,</span> <span class='ocrx_word' id='word_1_75' title='bbox 1210 1652 1260 1726; x_wconf 88' lang='lat' dir='ltr'>qui</span> <span class='ocrx_word' id='word_1_76' title='bbox 1272 1666 1325 1713; x_wconf 89' lang='lat' dir='ltr'>uos</span> <span class='ocrx_word' id='word_1_77' title='bbox 1340 1651 1378 1713; x_wconf 82' lang='lat' dir='ltr'>ed</span> <span class='ocrx_word' id='word_1_78' title='bbox 1393 1668 1427 1713; x_wconf 85' lang='lat' dir='ltr'>se</span> <span class='ocrx_word' id='word_1_79' title='bbox 1442 1652 1544 1721; x_wconf 80' lang='lat' dir='ltr'>uenire</span> 
     </span>
     <span class='ocr_line' id='line_1_10' title="bbox 362 1756 1543 1834; baseline 0.001 -16"><span class='ocrx_word' id='word_1_80' title='bbox 362 1757 489 1834; x_wconf 87' lang='lat' dir='ltr'>juberet,</span> <span class='ocrx_word' id='word_1_81' title='bbox 504 1757 589 1831; x_wconf 83' lang='lat' dir='ltr'>misit,</span> <span class='ocrx_word' id='word_1_82' title='bbox 606 1770 691 1830; x_wconf 86' lang='lat' dir='ltr'>quem</span> <span class='ocrx_word' id='word_1_83' title='bbox 705 1756 849 1817; x_wconf 79' lang='lat' dir='ltr'>subsecuti</span> <span class='ocrx_word' id='word_1_84' title='bbox 872 1772 972 1817; x_wconf 88' lang='lat' dir='ltr'>rursus</span> <span class='ocrx_word' id='word_1_85' title='bbox 987 1757 1121 1819; x_wconf 86' lang='lat' dir='ltr'>comitem</span> <span class='ocrx_word' id='word_1_86' title='bbox 1135 1758 1166 1819; x_wconf 91' lang='lat' dir='ltr'>in</span> <span class='ocrx_word' id='word_1_87' title='bbox 1181 1756 1266 1819; x_wconf 87' lang='lat' dir='ltr'>berto</span> <span class='ocrx_word' id='word_1_88' title='bbox 1281 1759 1453 1821; x_wconf 82' lang='lat' dir='ltr'>invenimus.</span> <span class='ocrx_word' id='word_1_89' title='bbox 1492 1758 1543 1819; x_wconf 89' lang='lat' dir='ltr'>Di-</span> 
     </span>
     <span class='ocr_line' id='line_1_11' title="bbox 366 1862 1543 1938; baseline 0.003 -16"><span class='ocrx_word' id='word_1_90' title='bbox 366 1864 411 1922; x_wconf 84' lang='lat' dir='ltr'>xit</span> <span class='ocrx_word' id='word_1_91' title='bbox 423 1863 520 1937; x_wconf 84' lang='lat' dir='ltr'>ireque</span> <span class='ocrx_word' id='word_1_92' title='bbox 543 1877 576 1922; x_wconf 88' lang='lat' dir='ltr'>se</span> <span class='ocrx_word' id='word_1_93' title='bbox 590 1862 740 1936; x_wconf 76' lang='lat' dir='ltr'>negoemm</span> <span class='ocrx_word' id='word_1_94' title='bbox 759 1862 789 1921; x_wconf 89' lang='lat' dir='ltr'>iu</span> <span class='ocrx_word' id='word_1_95' title='bbox 810 1867 954 1937; x_wconf 81' lang='lat' dir='ltr'>umorque</span> <span class='ocrx_word' id='word_1_96' title='bbox 977 1868 1090 1937; x_wconf 89' lang='lat' dir='ltr'>portem</span> <span class='ocrx_word' id='word_1_97' title='bbox 1112 1862 1301 1938; x_wconf 82' lang='lat' dir='ltr'>perpendisse</span> <span class='ocrx_word' id='word_1_98' title='bbox 1323 1867 1353 1925; x_wconf 90' lang='lat' dir='ltr'>et</span> <span class='ocrx_word' id='word_1_99' title='bbox 1373 1870 1407 1925; x_wconf 83' lang='lat' dir='ltr'>et</span> <span class='ocrx_word' id='word_1_100' title='bbox 1426 1862 1543 1927; x_wconf 86' lang='lat' dir='ltr'>tendem</span> 
     </span>
     <span class='ocr_line' id='line_1_12' title="bbox 367 1966 1542 2045; baseline -0.001 -15"><span class='ocrx_word' id='word_1_101' title='bbox 367 1985 426 2030; x_wconf 88' lang='lat' dir='ltr'>non</span> <span class='ocrx_word' id='word_1_102' title='bbox 439 1969 482 2029; x_wconf 88' lang='lat' dir='ltr'>ite</span> <span class='ocrx_word' id='word_1_103' title='bbox 496 1981 579 2043; x_wconf 86' lang='lat' dir='ltr'>osso,</span> <span class='ocrx_word' id='word_1_104' title='bbox 599 1968 683 2040; x_wconf 83' lang='lat' dir='ltr'>juxto</span> <span class='ocrx_word' id='word_1_105' title='bbox 701 1966 900 2041; x_wconf 85' lang='lat' dir='ltr'>prouerbium,</span> <span class='ocrx_word' id='word_1_106' title='bbox 925 1967 1183 2042; x_wconf 88' lang='lat' dir='ltr'>suspenderentur,</span> <span class='ocrx_word' id='word_1_107' title='bbox 1206 1969 1366 2031; x_wconf 89' lang='lat' dir='ltr'>consultum</span> <span class='ocrx_word' id='word_1_108' title='bbox 1379 1970 1424 2029; x_wconf 92' lang='lat' dir='ltr'>ilii</span> <span class='ocrx_word' id='word_1_109' title='bbox 1438 1969 1542 2045; x_wconf 65' lang='lat' dir='ltr'>videm,</span> 
     </span>
     <span class='ocr_line' id='line_1_13' title="bbox 367 2070 1544 2151; baseline 0 -14"><span class='ocrx_word' id='word_1_110' title='bbox 367 2070 635 2151; x_wconf 79' lang='lat' dir='ltr'>quomem&#39;edoetus</span> <span class='ocrx_word' id='word_1_111' title='bbox 651 2078 736 2148; x_wconf 88' lang='lat' dir='ltr'>esset,</span> <span class='ocrx_word' id='word_1_112' title='bbox 752 2088 787 2134; x_wconf 84' lang='lat' dir='ltr'>es</span> <span class='ocrx_word' id='word_1_113' title='bbox 801 2071 848 2132; x_wconf 89' lang='lat' dir='ltr'>die</span> <span class='ocrx_word' id='word_1_114' title='bbox 864 2071 1078 2148; x_wconf 84' lang='lat' dir='ltr'>coloniensem,</span> <span class='ocrx_word' id='word_1_115' title='bbox 1100 2088 1266 2148; x_wconf 85' lang='lat' dir='ltr'>quemquem</span> <span class='ocrx_word' id='word_1_116' title='bbox 1281 2088 1312 2133; x_wconf 90' lang='lat' dir='ltr'>se</span> <span class='ocrx_word' id='word_1_117' title='bbox 1327 2073 1401 2135; x_wconf 82' lang='lat' dir='ltr'>obm</span> <span class='ocrx_word' id='word_1_118' title='bbox 1415 2090 1482 2135; x_wconf 87' lang='lat' dir='ltr'>esse</span> <span class='ocrx_word' id='word_1_119' title='bbox 1495 2075 1544 2137; x_wconf 91' lang='lat' dir='ltr'>de·</span> 
     </span>
     <span class='ocr_line' id='line_1_14' title="bbox 367 2175 1544 2256; baseline -0.002 -13"><span class='ocrx_word' id='word_1_120' title='bbox 367 2181 459 2255; x_wconf 84' lang='lat' dir='ltr'>beret,</span> <span class='ocrx_word' id='word_1_121' title='bbox 473 2179 553 2256; x_wconf 90' lang='lat' dir='ltr'>epod</span> <span class='ocrx_word' id='word_1_122' title='bbox 566 2178 714 2240; x_wconf 89' lang='lat' dir='ltr'>dominum</span> <span class='ocrx_word' id='word_1_123' title='bbox 729 2178 767 2239; x_wconf 90' lang='lat' dir='ltr'>de</span> <span class='ocrx_word' id='word_1_124' title='bbox 783 2175 963 2239; x_wconf 84' lang='lat' dir='ltr'>Grnndeuels</span> <span class='ocrx_word' id='word_1_125' title='bbox 978 2194 1157 2253; x_wconf 80' lang='lat' dir='ltr'>pressurum.</span> <span class='ocrx_word' id='word_1_126' title='bbox 1186 2180 1293 2241; x_wconf 88' lang='lat' dir='ltr'>Dsrem</span> <span class='ocrx_word' id='word_1_127' title='bbox 1308 2194 1428 2255; x_wconf 84' lang='lat' dir='ltr'>opernm</span> <span class='ocrx_word' id='word_1_128' title='bbox 1442 2185 1477 2239; x_wconf 90' lang='lat' dir='ltr'>ut</span> <span class='ocrx_word' id='word_1_129' title='bbox 1489 2196 1544 2256; x_wconf 91' lang='lat' dir='ltr'>per</span> 
     </span>
     <span class='ocr_line' id='line_1_15' title="bbox 365 2285 1545 2363; baseline 0 -15"><span class='ocrx_word' id='word_1_130' title='bbox 365 2302 488 2363; x_wconf 87' lang='lat' dir='ltr'>puerum</span> <span class='ocrx_word' id='word_1_131' title='bbox 501 2286 626 2361; x_wconf 86' lang='lat' dir='ltr'>uliquem</span> <span class='ocrx_word' id='word_1_132' title='bbox 640 2300 704 2345; x_wconf 87' lang='lat' dir='ltr'>cum</span> <span class='ocrx_word' id='word_1_133' title='bbox 718 2288 881 2361; x_wconf 73' lang='lat' dir='ltr'>posmomus</span> <span class='ocrx_word' id='word_1_134' title='bbox 895 2285 999 2345; x_wconf 88' lang='lat' dir='ltr'>missus</span> <span class='ocrx_word' id='word_1_135' title='bbox 1014 2298 1120 2347; x_wconf 79' lang='lat' dir='ltr'>menso</span> <span class='ocrx_word' id='word_1_136' title='bbox 1142 2288 1356 2361; x_wconf 84' lang='lat' dir='ltr'>imponeretur,</span> <span class='ocrx_word' id='word_1_137' title='bbox 1377 2301 1499 2347; x_wconf 71' lang='lat' dir='ltr'>vocarer</span> <span class='ocrx_word' id='word_1_138' title='bbox 1512 2292 1545 2349; x_wconf 92' lang='lat' dir='ltr'>et</span> 
     </span>
     <span class='ocr_line' id='line_1_16' title="bbox 366 2388 1544 2469; baseline -0.002 -13"><span class='ocrx_word' id='word_1_139' title='bbox 366 2401 427 2456; x_wconf 83' lang='lat' dir='ltr'>urm</span> <span class='ocrx_word' id='word_1_140' title='bbox 440 2390 598 2469; x_wconf 86' lang='lat' dir='ltr'>peririosts</span> <span class='ocrx_word' id='word_1_141' title='bbox 611 2389 709 2451; x_wconf 89' lang='lat' dir='ltr'>ironte</span> <span class='ocrx_word' id='word_1_142' title='bbox 725 2388 924 2451; x_wconf 82' lang='lat' dir='ltr'>Goiouicnsem</span> <span class='ocrx_word' id='word_1_143' title='bbox 946 2392 977 2450; x_wconf 90' lang='lat' dir='ltr'>in</span> <span class='ocrx_word' id='word_1_144' title='bbox 996 2394 1152 2467; x_wconf 83' lang='lat' dir='ltr'>presentie</span> <span class='ocrx_word' id='word_1_145' title='bbox 1166 2388 1354 2453; x_wconf 81' lang='lat' dir='ltr'>Grundeselo</span> <span class='ocrx_word' id='word_1_146' title='bbox 1374 2390 1544 2453; x_wconf 83' lang='lat' dir='ltr'>secederem</span> 
     </span>
    </p>
   </div>
   <div class='ocr_carea' id='block_1_3' title="bbox 365 2493 1543 2787">
    <p class='ocr_par' dir='ltr' id='par_1_3' title="bbox 365 2493 1543 2787">
     <span class='ocr_line' id='line_1_17' title="bbox 365 2493 1543 2575; baseline -0.003 -14"><span class='ocrx_word' id='word_1_147' title='bbox 365 2516 481 2575; x_wconf 72' lang='lat' dir='ltr'>repens,</span> <span class='ocrx_word' id='word_1_148' title='bbox 506 2504 540 2558; x_wconf 88' lang='lat' dir='ltr'>ut</span> <span class='ocrx_word' id='word_1_149' title='bbox 554 2498 633 2572; x_wconf 86' lang='lat' dir='ltr'>epod</span> <span class='ocrx_word' id='word_1_150' title='bbox 647 2496 790 2558; x_wconf 78' lang='lat' dir='ltr'>dommum</span> <span class='ocrx_word' id='word_1_151' title='bbox 806 2494 844 2557; x_wconf 84' lang='lat' dir='ltr'>de</span> <span class='ocrx_word' id='word_1_152' title='bbox 858 2493 1041 2559; x_wconf 81' lang='lat' dir='ltr'>Grundeucls</span> <span class='ocrx_word' id='word_1_153' title='bbox 1055 2499 1192 2572; x_wconf 80' lang='lat' dir='ltr'>meteret,</span> <span class='ocrx_word' id='word_1_154' title='bbox 1206 2502 1240 2558; x_wconf 91' lang='lat' dir='ltr'>ut</span> <span class='ocrx_word' id='word_1_155' title='bbox 1253 2498 1278 2559; x_wconf 93' lang='lat' dir='ltr'>is</span> <span class='ocrx_word' id='word_1_156' title='bbox 1287 2497 1371 2574; x_wconf 78' lang='lat' dir='ltr'>opud</span> <span class='ocrx_word' id='word_1_157' title='bbox 1385 2498 1543 2559; x_wconf 68' lang='lat' dir='ltr'>cmmreem</span> 
     </span>
     <span class='ocr_line' id='line_1_18' title="bbox 365 2602 1541 2701; baseline -0.002 -36"><span class='ocrx_word' id='word_1_158' title='bbox 365 2607 545 2679; x_wconf 77' lang='lat' dir='ltr'>msieststem</span> <span class='ocrx_word' id='word_1_159' title='bbox 559 2618 612 2677; x_wconf 93' lang='lat' dir='ltr'>pro</span> <span class='ocrx_word' id='word_1_160' title='bbox 632 2618 678 2663; x_wconf 90' lang='lat' dir='ltr'>me</span> <span class='ocrx_word' id='word_1_161' title='bbox 692 2602 870 2663; x_wconf 88' lang='lat' dir='ltr'>intercedere</span> <span class='ocrx_word' id='word_1_162' title='bbox 887 2602 964 2701; x_wconf 75' lang='lat' dir='ltr'>velit</span> <span class='ocrx_word' id='word_1_163' title='bbox 978 2618 1012 2663; x_wconf 88' lang='lat' dir='ltr'>sc</span> <span class='ocrx_word' id='word_1_164' title='bbox 1026 2603 1214 2665; x_wconf 82' lang='lat' dir='ltr'>Maeoenstem</span> <span class='ocrx_word' id='word_1_165' title='bbox 1229 2618 1331 2679; x_wconf 75' lang='lat' dir='ltr'>spere,</span> <span class='ocrx_word' id='word_1_166' title='bbox 1352 2620 1390 2663; x_wconf 92' lang='lat' dir='ltr'>ne</span> <span class='ocrx_word' id='word_1_167' title='bbox 1412 2619 1451 2665; x_wconf 85' lang='lat' dir='ltr'>ex</span> <span class='ocrx_word' id='word_1_168' title='bbox 1465 2604 1541 2665; x_wconf 84' lang='lat' dir='ltr'>omrri</span> 
     </span>
     <span class='ocr_line' id='line_1_19' title="bbox 368 2708 1540 2787; baseline 0 -17"><span class='ocrx_word' id='word_1_169' title='bbox 368 2715 451 2787; x_wconf 85' lang='lat' dir='ltr'>porte</span> <span class='ocrx_word' id='word_1_170' title='bbox 466 2710 505 2770; x_wconf 84' lang='lat' dir='ltr'>od</span> <span class='ocrx_word' id='word_1_171' title='bbox 519 2708 619 2769; x_wconf 91' lang='lat' dir='ltr'>restim</span> <span class='ocrx_word' id='word_1_172' title='bbox 633 2714 663 2769; x_wconf 90' lang='lat' dir='ltr'>et</span> <span class='ocrx_word' id='word_1_173' title='bbox 676 2723 813 2769; x_wconf 72' lang='lat' dir='ltr'>summam</span> <span class='ocrx_word' id='word_1_174' title='bbox 826 2714 1028 2783; x_wconf 88' lang='lat' dir='ltr'>poupertetem</span> <span class='ocrx_word' id='word_1_175' title='bbox 1036 2708 1195 2784; x_wconf 76' lang='lat' dir='ltr'>redigeres,</span> <span class='ocrx_word' id='word_1_176' title='bbox 1211 2714 1242 2769; x_wconf 92' lang='lat' dir='ltr'>et</span> <span class='ocrx_word' id='word_1_177' title='bbox 1250 2713 1311 2769; x_wconf 88' lang='lat' dir='ltr'>tum</span> <span class='ocrx_word' id='word_1_178' title='bbox 1319 2708 1383 2783; x_wconf 89' lang='lat' dir='ltr'>ipse</span> <span class='ocrx_word' id='word_1_179' title='bbox 1396 2710 1540 2785; x_wconf 68' lang='lat' dir='ltr'>audirem,</span> 
     </span>
    </p>
   </div>
   <div class='ocr_carea' id='block_1_4' title="bbox 362 2811 1542 4905">
    <p class='ocr_par' dir='ltr' id='par_1_4' title="bbox 362 2811 1542 4905">
     <span class='ocr_line' id='line_1_20' title="bbox 365 2811 1541 2891; baseline 0.001 -15"><span class='ocrx_word' id='word_1_180' title='bbox 365 2814 436 2891; x_wconf 83' lang='lat' dir='ltr'>quid</span> <span class='ocrx_word' id='word_1_181' title='bbox 449 2815 580 2891; x_wconf 84' lang='lat' dir='ltr'>responsi</span> <span class='ocrx_word' id='word_1_182' title='bbox 596 2811 778 2875; x_wconf 80' lang='lat' dir='ltr'>Grendcvele</span> <span class='ocrx_word' id='word_1_183' title='bbox 793 2812 885 2875; x_wconf 82' lang='lat' dir='ltr'>duret.</span> <span class='ocrx_word' id='word_1_184' title='bbox 920 2814 952 2875; x_wconf 83' lang='lat' dir='ltr'>Si</span> <span class='ocrx_word' id='word_1_185' title='bbox 966 2830 1019 2889; x_wconf 91' lang='lat' dir='ltr'>pro</span> <span class='ocrx_word' id='word_1_186' title='bbox 1035 2830 1080 2874; x_wconf 91' lang='lat' dir='ltr'>me</span> <span class='ocrx_word' id='word_1_187' title='bbox 1094 2812 1274 2875; x_wconf 81' lang='lat' dir='ltr'>intercedere</span> <span class='ocrx_word' id='word_1_188' title='bbox 1288 2814 1445 2889; x_wconf 89' lang='lat' dir='ltr'>reciperet,</span> <span class='ocrx_word' id='word_1_189' title='bbox 1461 2828 1541 2891; x_wconf 82' lang='lat' dir='ltr'>spem</span> 
     </span>
     <span class='ocr_line' id='line_1_21' title="bbox 364 2918 1539 2996; baseline -0.003 -13"><span class='ocrx_word' id='word_1_190' title='bbox 364 2922 458 2983; x_wconf 91' lang='lat' dir='ltr'>edboc</span> <span class='ocrx_word' id='word_1_191' title='bbox 472 2921 598 2996; x_wconf 85' lang='lat' dir='ltr'>uliqucm</span> <span class='ocrx_word' id='word_1_192' title='bbox 613 2933 778 2995; x_wconf 85' lang='lat' dir='ltr'>superesse,</span> <span class='ocrx_word' id='word_1_193' title='bbox 801 2921 847 2979; x_wconf 89' lang='lat' dir='ltr'>sin</span> <span class='ocrx_word' id='word_1_194' title='bbox 861 2925 957 2981; x_wconf 86' lang='lat' dir='ltr'>sutem</span> <span class='ocrx_word' id='word_1_195' title='bbox 973 2920 1005 2982; x_wconf 88' lang='lat' dir='ltr'>id</span> <span class='ocrx_word' id='word_1_196' title='bbox 1018 2918 1173 2995; x_wconf 90' lang='lat' dir='ltr'>ebnueret,</span> <span class='ocrx_word' id='word_1_197' title='bbox 1189 2936 1234 2980; x_wconf 91' lang='lat' dir='ltr'>me</span> <span class='ocrx_word' id='word_1_198' title='bbox 1249 2935 1331 2995; x_wconf 78' lang='lat' dir='ltr'>sque</span> <span class='ocrx_word' id='word_1_199' title='bbox 1345 2920 1539 2996; x_wconf 77' lang='lat' dir='ltr'>cogniturum,</span> 
     </span>
     <span class='ocr_line' id='line_1_22' title="bbox 364 3023 1541 3102; baseline 0.001 -16"><span class='ocrx_word' id='word_1_200' title='bbox 364 3026 436 3102; x_wconf 88' lang='lat' dir='ltr'>qnid</span> <span class='ocrx_word' id='word_1_201' title='bbox 450 3042 504 3100; x_wconf 92' lang='lat' dir='ltr'>pro</span> <span class='ocrx_word' id='word_1_202' title='bbox 517 3042 550 3087; x_wconf 84' lang='lat' dir='ltr'>re</span> <span class='ocrx_word' id='word_1_203' title='bbox 562 3023 659 3087; x_wconf 85' lang='lat' dir='ltr'>iecere</span> <span class='ocrx_word' id='word_1_204' title='bbox 674 3031 815 3100; x_wconf 86' lang='lat' dir='ltr'>oportent.</span> <span class='ocrx_word' id='word_1_205' title='bbox 838 3025 879 3085; x_wconf 81' lang='lat' dir='ltr'>ut</span> <span class='ocrx_word' id='word_1_206' title='bbox 887 3027 913 3085; x_wconf 87' lang='lat' dir='ltr'>si</span> <span class='ocrx_word' id='word_1_207' title='bbox 922 3027 970 3085; x_wconf 87' lang='lat' dir='ltr'>hic</span> <span class='ocrx_word' id='word_1_208' title='bbox 983 3028 1095 3087; x_wconf 88' lang='lat' dir='ltr'>suimus</span> <span class='ocrx_word' id='word_1_209' title='bbox 1110 3030 1233 3087; x_wconf 81' lang='lat' dir='ltr'>maxime</span> <span class='ocrx_word' id='word_1_210' title='bbox 1247 3025 1429 3101; x_wconf 84' lang='lat' dir='ltr'>ebborr&#39;eret,</span> <span class='ocrx_word' id='word_1_211' title='bbox 1443 3032 1541 3089; x_wconf 72' lang='lat' dir='ltr'>museo</span> 
     </span>
     <span class='ocr_line' id='line_1_23' title="bbox 363 3131 1539 3209; baseline -0.002 -16"><span class='ocrx_word' id='word_1_212' title='bbox 363 3131 466 3207; x_wconf 89' lang='lat' dir='ltr'>optimi</span> <span class='ocrx_word' id='word_1_213' title='bbox 479 3132 535 3192; x_wconf 83' lang='lat' dir='ltr'>viri</span> <span class='ocrx_word' id='word_1_214' title='bbox 549 3132 698 3193; x_wconf 87' lang='lat' dir='ltr'>consilium</span> <span class='ocrx_word' id='word_1_215' title='bbox 712 3135 796 3207; x_wconf 83' lang='lat' dir='ltr'>sequi</span> <span class='ocrx_word' id='word_1_216' title='bbox 811 3133 897 3194; x_wconf 83' lang='lat' dir='ltr'>volui.</span> <span class='ocrx_word' id='word_1_217' title='bbox 937 3132 997 3193; x_wconf 87' lang='lat' dir='ltr'>Sub</span> <span class='ocrx_word' id='word_1_218' title='bbox 1016 3133 1117 3195; x_wconf 83' lang='lat' dir='ltr'>horem</span> <span class='ocrx_word' id='word_1_219' title='bbox 1137 3134 1226 3207; x_wconf 74' lang='lat' dir='ltr'>igitur</span> <span class='ocrx_word' id='word_1_220' title='bbox 1247 3132 1426 3193; x_wconf 83' lang='lat' dir='ltr'>undecimum</span> <span class='ocrx_word' id='word_1_221' title='bbox 1441 3132 1539 3209; x_wconf 88' lang='lat' dir='ltr'>bospi-</span> 
     </span>
     <span class='ocr_line' id='line_1_24' title="bbox 364 3235 1539 3314; baseline 0.003 -16"><span class='ocrx_word' id='word_1_222' title='bbox 364 3237 438 3298; x_wconf 88' lang='lat' dir='ltr'>tium</span> <span class='ocrx_word' id='word_1_223' title='bbox 451 3235 640 3299; x_wconf 83' lang='lat' dir='ltr'>Grsndcuoiae</span> <span class='ocrx_word' id='word_1_224' title='bbox 654 3238 796 3299; x_wconf 87' lang='lat' dir='ltr'>ndeuntes</span> <span class='ocrx_word' id='word_1_225' title='bbox 809 3237 917 3300; x_wconf 83' lang='lat' dir='ltr'>ibidem</span> <span class='ocrx_word' id='word_1_226' title='bbox 931 3239 962 3299; x_wconf 89' lang='lat' dir='ltr'>in</span> <span class='ocrx_word' id='word_1_227' title='bbox 976 3240 1113 3300; x_wconf 77' lang='lat' dir='ltr'>inuenere</span> <span class='ocrx_word' id='word_1_228' title='bbox 1132 3240 1208 3301; x_wconf 78' lang='lat' dir='ltr'>strio</span> <span class='ocrx_word' id='word_1_229' title='bbox 1222 3238 1472 3314; x_wconf 70' lang='lat' dir='ltr'>praestolabamur,</span> <span class='ocrx_word' id='word_1_230' title='bbox 1488 3238 1539 3301; x_wconf 82' lang='lat' dir='ltr'>do</span> 
     </span>
     <span class='ocr_line' id='line_1_25' title="bbox 364 3342 1539 3421; baseline 0 -16"><span class='ocrx_word' id='word_1_231' title='bbox 364 3357 419 3405; x_wconf 86' lang='lat' dir='ltr'>nec</span> <span class='ocrx_word' id='word_1_232' title='bbox 432 3344 664 3421; x_wconf 79' lang='lat' dir='ltr'>archiepiscopus</span> <span class='ocrx_word' id='word_1_233' title='bbox 679 3360 716 3405; x_wconf 82' lang='lat' dir='ltr'>ex</span> <span class='ocrx_word' id='word_1_234' title='bbox 730 3345 874 3419; x_wconf 86' lang='lat' dir='ltr'>superiori</span> <span class='ocrx_word' id='word_1_235' title='bbox 888 3345 1065 3421; x_wconf 86' lang='lat' dir='ltr'>ombuinoro,</span> <span class='ocrx_word' id='word_1_236' title='bbox 1087 3344 1137 3405; x_wconf 91' lang='lat' dir='ltr'>ubi</span> <span class='ocrx_word' id='word_1_237' title='bbox 1151 3347 1250 3419; x_wconf 87' lang='lat' dir='ltr'>prensi</span> <span class='ocrx_word' id='word_1_238' title='bbox 1264 3348 1363 3419; x_wconf 80' lang='lat' dir='ltr'>erem,</span> <span class='ocrx_word' id='word_1_239' title='bbox 1381 3342 1539 3407; x_wconf 85' lang='lat' dir='ltr'>descendo-</span> 
     </span>
     <span class='ocr_line' id='line_1_26' title="bbox 363 3450 1539 3528; baseline 0.002 -17"><span class='ocrx_word' id='word_1_240' title='bbox 363 3456 418 3512; x_wconf 89' lang='lat' dir='ltr'>ret.</span> <span class='ocrx_word' id='word_1_241' title='bbox 453 3451 497 3510; x_wconf 82' lang='lat' dir='ltr'>Ac</span> <span class='ocrx_word' id='word_1_242' title='bbox 511 3455 544 3510; x_wconf 90' lang='lat' dir='ltr'>ut</span> <span class='ocrx_word' id='word_1_243' title='bbox 556 3451 679 3524; x_wconf 89' lang='lat' dir='ltr'>primum</span> <span class='ocrx_word' id='word_1_244' title='bbox 700 3452 805 3511; x_wconf 84' lang='lat' dir='ltr'>utrium</span> <span class='ocrx_word' id='word_1_245' title='bbox 828 3450 916 3525; x_wconf 88' lang='lat' dir='ltr'>illud,</span> <span class='ocrx_word' id='word_1_246' title='bbox 939 3452 970 3511; x_wconf 87' lang='lat' dir='ltr'>in</span> <span class='ocrx_word' id='word_1_247' title='bbox 985 3468 1041 3524; x_wconf 89' lang='lat' dir='ltr'>quo</span> <span class='ocrx_word' id='word_1_248' title='bbox 1056 3451 1121 3512; x_wconf 93' lang='lat' dir='ltr'>illos</span> <span class='ocrx_word' id='word_1_249' title='bbox 1136 3457 1328 3528; x_wconf 70' lang='lat' dir='ltr'>expeterem,</span> <span class='ocrx_word' id='word_1_250' title='bbox 1353 3450 1539 3526; x_wconf 83' lang='lat' dir='ltr'>introierunt,</span> 
     </span>
     <span class='ocr_line' id='line_1_27' title="bbox 362 3554 1542 3635; baseline 0 -18"><span class='ocrx_word' id='word_1_251' title='bbox 362 3555 514 3617; x_wconf 82' lang='lat' dir='ltr'>confestim</span> <span class='ocrx_word' id='word_1_252' title='bbox 529 3554 727 3618; x_wconf 81' lang='lat' dir='ltr'>Colonienscm</span> <span class='ocrx_word' id='word_1_253' title='bbox 737 3558 856 3617; x_wconf 66' lang='lat' dir='ltr'>‘ocoessi</span> <span class='ocrx_word' id='word_1_254' title='bbox 874 3572 997 3632; x_wconf 79' lang='lat' dir='ltr'>regens,</span> <span class='ocrx_word' id='word_1_255' title='bbox 1022 3564 1055 3617; x_wconf 92' lang='lat' dir='ltr'>ot</span> <span class='ocrx_word' id='word_1_256' title='bbox 1076 3558 1153 3632; x_wconf 85' lang='lat' dir='ltr'>epod</span> <span class='ocrx_word' id='word_1_257' title='bbox 1167 3557 1307 3619; x_wconf 84' lang='lat' dir='ltr'>illustrem</span> <span class='ocrx_word' id='word_1_258' title='bbox 1322 3555 1471 3618; x_wconf 87' lang='lat' dir='ltr'>dominum</span> <span class='ocrx_word' id='word_1_259' title='bbox 1486 3556 1542 3635; x_wconf 86' lang='lat' dir='ltr'>(sic</span> 
     </span>
     <span class='ocr_line' id='line_1_28' title="bbox 364 3660 1539 3739; baseline 0.002 -18"><span class='ocrx_word' id='word_1_260' title='bbox 364 3662 440 3721; x_wconf 88' lang='lat' dir='ltr'>cuim</span> <span class='ocrx_word' id='word_1_261' title='bbox 454 3663 551 3723; x_wconf 79' lang='lat' dir='ltr'>soceri</span> <span class='ocrx_word' id='word_1_262' title='bbox 566 3662 655 3738; x_wconf 84' lang='lat' dir='ltr'>emet)</span> <span class='ocrx_word' id='word_1_263' title='bbox 671 3660 708 3722; x_wconf 88' lang='lat' dir='ltr'>de</span> <span class='ocrx_word' id='word_1_264' title='bbox 723 3660 905 3723; x_wconf 81' lang='lat' dir='ltr'>Grondeueie</span> <span class='ocrx_word' id='word_1_265' title='bbox 919 3662 1098 3725; x_wconf 83' lang='lat' dir='ltr'>intercedere</span> <span class='ocrx_word' id='word_1_266' title='bbox 1112 3664 1189 3739; x_wconf 80' lang='lat' dir='ltr'>uelit,</span> <span class='ocrx_word' id='word_1_267' title='bbox 1212 3668 1245 3723; x_wconf 91' lang='lat' dir='ltr'>nt</span> <span class='ocrx_word' id='word_1_268' title='bbox 1258 3680 1312 3739; x_wconf 88' lang='lat' dir='ltr'>pro</span> <span class='ocrx_word' id='word_1_269' title='bbox 1326 3678 1374 3723; x_wconf 89' lang='lat' dir='ltr'>me</span> <span class='ocrx_word' id='word_1_270' title='bbox 1388 3662 1469 3739; x_wconf 84' lang='lat' dir='ltr'>epod</span> <span class='ocrx_word' id='word_1_271' title='bbox 1482 3678 1539 3723; x_wconf 85' lang='lat' dir='ltr'>rse-</span> 
     </span>
     <span class='ocr_line' id='line_1_29' title="bbox 363 3754 1538 3845; baseline 0.001 -17"><span class='ocrx_word' id='word_1_272' title='bbox 363 3782 477 3828; x_wconf 82' lang='lat' dir='ltr'>seresm</span> <span class='ocrx_word' id='word_1_273' title='bbox 497 3768 676 3841; x_wconf 85' lang='lat' dir='ltr'>mejestutem</span> <span class='ocrx_word' id='word_1_274' title='bbox 695 3767 893 3842; x_wconf 75' lang='lat' dir='ltr'>Miscenstern,</span> <span class='ocrx_word' id='word_1_275' title='bbox 914 3772 948 3827; x_wconf 91' lang='lat' dir='ltr'>ot</span> <span class='ocrx_word' id='word_1_276' title='bbox 966 3768 1098 3842; x_wconf 83' lang='lat' dir='ltr'>superins</span> <span class='ocrx_word' id='word_1_277' title='bbox 1119 3768 1224 3829; x_wconf 84' lang='lat' dir='ltr'>dietum</span> <span class='ocrx_word' id='word_1_278' title='bbox 1244 3754 1304 3843; x_wconf 79' lang='lat' dir='ltr'>sst&#39;,</span> <span class='ocrx_word' id='word_1_279' title='bbox 1330 3782 1420 3845; x_wconf 76' lang='lat' dir='ltr'>spere</span> <span class='ocrx_word' id='word_1_280' title='bbox 1441 3768 1538 3829; x_wconf 83' lang='lat' dir='ltr'>veliet</span> 
     </span>
     <span class='ocr_line' id='line_1_30' title="bbox 363 3872 1540 3946; baseline 0 -13"><span class='ocrx_word' id='word_1_281' title='bbox 363 3874 524 3946; x_wconf 87' lang='lat' dir='ltr'>Respondit</span> <span class='ocrx_word' id='word_1_282' title='bbox 537 3872 727 3934; x_wconf 70' lang='lat' dir='ltr'>coloniensis:</span> <span class='ocrx_word' id='word_1_283' title='bbox 742 3874 869 3935; x_wconf 78' lang='lat' dir='ltr'>Faciem.</span> <span class='ocrx_word' id='word_1_284' title='bbox 908 3875 1019 3934; x_wconf 79' lang='lat' dir='ltr'>Potens</span> <span class='ocrx_word' id='word_1_285' title='bbox 1033 3879 1127 3935; x_wconf 85' lang='lat' dir='ltr'>sotem</span> <span class='ocrx_word' id='word_1_286' title='bbox 1142 3872 1218 3937; x_wconf 82' lang='lat' dir='ltr'>ioris</span> <span class='ocrx_word' id='word_1_287' title='bbox 1232 3890 1277 3935; x_wconf 91' lang='lat' dir='ltr'>me</span> <span class='ocrx_word' id='word_1_288' title='bbox 1293 3874 1329 3935; x_wconf 88' lang='lat' dir='ltr'>dc</span> <span class='ocrx_word' id='word_1_289' title='bbox 1342 3872 1540 3936; x_wconf 75' lang='lat' dir='ltr'>Auebetense</span> 
     </span>
     <span class='ocr_line' id='line_1_31' title="bbox 363 3977 1538 4056; baseline 0.003 -20"><span class='ocrx_word' id='word_1_290' title='bbox 363 3977 452 4051; x_wconf 84' lang='lat' dir='ltr'>ioqui,</span> <span class='ocrx_word' id='word_1_291' title='bbox 467 3994 535 4037; x_wconf 87' lang='lat' dir='ltr'>mor</span> <span class='ocrx_word' id='word_1_292' title='bbox 548 3978 666 4038; x_wconf 86' lang='lat' dir='ltr'>leoinies</span> <span class='ocrx_word' id='word_1_293' title='bbox 681 3981 803 4039; x_wconf 72' lang='lat' dir='ltr'>uectum</span> <span class='ocrx_word' id='word_1_294' title='bbox 817 3979 1016 4041; x_wconf 81' lang='lat' dir='ltr'>Atrebotensis</span> <span class='ocrx_word' id='word_1_295' title='bbox 1031 3978 1273 4056; x_wconf 87' lang='lat' dir='ltr'>comprehendens</span> <span class='ocrx_word' id='word_1_296' title='bbox 1295 3980 1389 4055; x_wconf 89' lang='lat' dir='ltr'>ipsum</span> <span class='ocrx_word' id='word_1_297' title='bbox 1404 3980 1445 4041; x_wconf 88' lang='lat' dir='ltr'>ed</span> <span class='ocrx_word' id='word_1_298' title='bbox 1458 3978 1538 4041; x_wconf 88' lang='lat' dir='ltr'>lene·</span> 
     </span>
     <span class='ocr_line' id='line_1_32' title="bbox 363 4082 1538 4161; baseline 0.003 -18"><span class='ocrx_word' id='word_1_299' title='bbox 363 4087 453 4143; x_wconf 84' lang='lat' dir='ltr'>etrum</span> <span class='ocrx_word' id='word_1_300' title='bbox 468 4082 591 4154; x_wconf 82' lang='lat' dir='ltr'>seduxit,</span> <span class='ocrx_word' id='word_1_301' title='bbox 606 4085 726 4156; x_wconf 78' lang='lat' dir='ltr'>imum,</span> <span class='ocrx_word' id='word_1_302' title='bbox 741 4091 775 4145; x_wconf 93' lang='lat' dir='ltr'>ut</span> <span class='ocrx_word' id='word_1_303' title='bbox 787 4085 858 4144; x_wconf 88' lang='lat' dir='ltr'>mibi</span> <span class='ocrx_word' id='word_1_304' title='bbox 872 4084 1042 4161; x_wconf 76' lang='lat' dir='ltr'>uidebatur,</span> <span class='ocrx_word' id='word_1_305' title='bbox 1059 4086 1168 4148; x_wconf 90' lang='lat' dir='ltr'>sedulo.</span> <span class='ocrx_word' id='word_1_306' title='bbox 1190 4085 1246 4147; x_wconf 77' lang='lat' dir='ltr'>Ast</span> <span class='ocrx_word' id='word_1_307' title='bbox 1259 4085 1463 4146; x_wconf 81' lang='lat' dir='ltr'>Atrebuteusis</span> <span class='ocrx_word' id='word_1_308' title='bbox 1478 4100 1538 4147; x_wconf 86' lang='lat' dir='ltr'>onu-</span> 
     </span>
     <span class='ocr_line' id='line_1_33' title="bbox 363 4188 1538 4267; baseline 0.002 -18"><span class='ocrx_word' id='word_1_309' title='bbox 363 4190 414 4249; x_wconf 89' lang='lat' dir='ltr'>uio</span> <span class='ocrx_word' id='word_1_310' title='bbox 427 4190 534 4250; x_wconf 87' lang='lat' dir='ltr'>blsude</span> <span class='ocrx_word' id='word_1_311' title='bbox 547 4190 733 4263; x_wconf 80' lang='lat' dir='ltr'>moueretur,</span> <span class='ocrx_word' id='word_1_312' title='bbox 756 4190 826 4265; x_wconf 86' lang='lat' dir='ltr'>quid</span> <span class='ocrx_word' id='word_1_313' title='bbox 841 4198 938 4253; x_wconf 87' lang='lat' dir='ltr'>eutem</span> <span class='ocrx_word' id='word_1_314' title='bbox 952 4192 1148 4267; x_wconf 87' lang='lat' dir='ltr'>responderit,</span> <span class='ocrx_word' id='word_1_315' title='bbox 1170 4206 1216 4252; x_wconf 87' lang='lat' dir='ltr'>me</span> <span class='ocrx_word' id='word_1_316' title='bbox 1230 4192 1311 4251; x_wconf 86' lang='lat' dir='ltr'>lutet.</span> <span class='ocrx_word' id='word_1_317' title='bbox 1350 4188 1468 4251; x_wconf 89' lang='lat' dir='ltr'>Deinde</span> <span class='ocrx_word' id='word_1_318' title='bbox 1483 4190 1538 4251; x_wconf 79' lang='lat' dir='ltr'>(io-</span> 
     </span>
     <span class='ocr_line' id='line_1_34' title="bbox 362 4294 1540 4373; baseline 0 -17"><span class='ocrx_word' id='word_1_319' title='bbox 362 4295 499 4358; x_wconf 88' lang='lat' dir='ltr'>loniensis</span> <span class='ocrx_word' id='word_1_320' title='bbox 513 4294 702 4357; x_wconf 79' lang='lat' dir='ltr'>Grsndeveloe</span> <span class='ocrx_word' id='word_1_321' title='bbox 723 4299 800 4371; x_wconf 84' lang='lat' dir='ltr'>petri</span> <span class='ocrx_word' id='word_1_322' title='bbox 825 4304 855 4357; x_wconf 89' lang='lat' dir='ltr'>et</span> <span class='ocrx_word' id='word_1_323' title='bbox 876 4296 943 4359; x_wconf 89' lang='lat' dir='ltr'>filiis</span> <span class='ocrx_word' id='word_1_324' title='bbox 965 4297 1126 4359; x_wconf 80' lang='lat' dir='ltr'>valedicens</span> <span class='ocrx_word' id='word_1_325' title='bbox 1148 4312 1222 4373; x_wconf 85' lang='lat' dir='ltr'>equo</span> <span class='ocrx_word' id='word_1_326' title='bbox 1243 4310 1400 4359; x_wconf 85' lang='lat' dir='ltr'>conscenso</span> <span class='ocrx_word' id='word_1_327' title='bbox 1414 4296 1540 4372; x_wconf 74' lang='lat' dir='ltr'>Mogon-</span> 
     </span>
     <span class='ocr_line' id='line_1_35' title="bbox 362 4401 1540 4481; baseline 0 -18"><span class='ocrx_word' id='word_1_328' title='bbox 362 4403 417 4463; x_wconf 89' lang='lat' dir='ltr'>tini</span> <span class='ocrx_word' id='word_1_329' title='bbox 430 4401 508 4461; x_wconf 82' lang='lat' dir='ltr'>sedes</span> <span class='ocrx_word' id='word_1_330' title='bbox 522 4403 660 4478; x_wconf 78' lang='lat' dir='ltr'>umescit,</span> <span class='ocrx_word' id='word_1_331' title='bbox 685 4402 724 4464; x_wconf 89' lang='lat' dir='ltr'>od</span> <span class='ocrx_word' id='word_1_332' title='bbox 736 4404 818 4481; x_wconf 87' lang='lat' dir='ltr'>cujus</span> <span class='ocrx_word' id='word_1_333' title='bbox 838 4418 930 4479; x_wconf 83' lang='lat' dir='ltr'>usquo</span> <span class='ocrx_word' id='word_1_334' title='bbox 944 4404 1099 4479; x_wconf 85' lang='lat' dir='ltr'>hospitium</span> <span class='ocrx_word' id='word_1_335' title='bbox 1119 4404 1251 4466; x_wconf 88' lang='lat' dir='ltr'>dominus</span> <span class='ocrx_word' id='word_1_336' title='bbox 1271 4404 1308 4465; x_wconf 88' lang='lat' dir='ltr'>de</span> <span class='ocrx_word' id='word_1_337' title='bbox 1322 4402 1403 4478; x_wconf 84' lang='lat' dir='ltr'>Lyre</span> <span class='ocrx_word' id='word_1_338' title='bbox 1418 4406 1450 4463; x_wconf 87' lang='lat' dir='ltr'>et</span> <span class='ocrx_word' id='word_1_339' title='bbox 1464 4403 1540 4463; x_wconf 83' lang='lat' dir='ltr'>ulter</span> 
     </span>
     <span class='ocr_line' id='line_1_36' title="bbox 363 4504 1539 4585; baseline 0 -18"><span class='ocrx_word' id='word_1_340' title='bbox 363 4504 488 4567; x_wconf 86' lang='lat' dir='ltr'>liliorum</span> <span class='ocrx_word' id='word_1_341' title='bbox 501 4506 691 4570; x_wconf 83' lang='lat' dir='ltr'>Grundeuelo</span> <span class='ocrx_word' id='word_1_342' title='bbox 705 4524 778 4569; x_wconf 90' lang='lat' dir='ltr'>onus</span> <span class='ocrx_word' id='word_1_343' title='bbox 792 4526 812 4571; x_wconf 86' lang='lat' dir='ltr'>e</span> <span class='ocrx_word' id='word_1_344' title='bbox 825 4508 935 4571; x_wconf 86' lang='lat' dir='ltr'>dextris</span> <span class='ocrx_word' id='word_1_345' title='bbox 950 4511 1029 4573; x_wconf 81' lang='lat' dir='ltr'>ulter</span> <span class='ocrx_word' id='word_1_346' title='bbox 1048 4528 1066 4573; x_wconf 86' lang='lat' dir='ltr'>e</span> <span class='ocrx_word' id='word_1_347' title='bbox 1086 4511 1211 4571; x_wconf 88' lang='lat' dir='ltr'>sinistris</span> <span class='ocrx_word' id='word_1_348' title='bbox 1225 4509 1429 4583; x_wconf 70' lang='lat' dir='ltr'>obequitantes</span> <span class='ocrx_word' id='word_1_349' title='bbox 1443 4509 1539 4585; x_wconf 89' lang='lat' dir='ltr'>ipsum</span> 
     </span>
     <span class='ocr_line' id='line_1_37' title="bbox 363 4612 1540 4689; baseline 0 -15"><span class='ocrx_word' id='word_1_350' title='bbox 363 4614 554 4675; x_wconf 84' lang='lat' dir='ltr'>deduxerunt.</span> <span class='ocrx_word' id='word_1_351' title='bbox 588 4616 665 4688; x_wconf 75' lang='lat' dir='ltr'>Quis</span> <span class='ocrx_word' id='word_1_352' title='bbox 678 4621 775 4678; x_wconf 85' lang='lat' dir='ltr'>eutem</span> <span class='ocrx_word' id='word_1_353' title='bbox 798 4618 829 4678; x_wconf 89' lang='lat' dir='ltr'>im</span> <span class='ocrx_word' id='word_1_354' title='bbox 843 4618 892 4677; x_wconf 85' lang='lat' dir='ltr'>vie</span> <span class='ocrx_word' id='word_1_355' title='bbox 906 4616 1085 4677; x_wconf 82' lang='lat' dir='ltr'>coloniensis</span> <span class='ocrx_word' id='word_1_356' title='bbox 1100 4621 1173 4677; x_wconf 89' lang='lat' dir='ltr'>nutu</span> <span class='ocrx_word' id='word_1_357' title='bbox 1187 4631 1240 4675; x_wconf 88' lang='lat' dir='ltr'>nec</span> <span class='ocrx_word' id='word_1_358' title='bbox 1253 4613 1343 4675; x_wconf 89' lang='lat' dir='ltr'>verbo</span> <span class='ocrx_word' id='word_1_359' title='bbox 1357 4612 1540 4689; x_wconf 69' lang='lat' dir='ltr'>mgmiiicsbst</span> 
     </span>
     <span class='ocr_line' id='line_1_38' title="bbox 363 4702 1538 4801; baseline 0.003 -24"><span class='ocrx_word' id='word_1_360' title='bbox 363 4733 395 4777; x_wconf 91' lang='lat' dir='ltr'>se</span> <span class='ocrx_word' id='word_1_361' title='bbox 409 4720 480 4778; x_wconf 90' lang='lat' dir='ltr'>mibi</span> <span class='ocrx_word' id='word_1_362' title='bbox 493 4735 711 4797; x_wconf 90' lang='lat' dir='ltr'>responsurum,</span> <span class='ocrx_word' id='word_1_363' title='bbox 735 4721 775 4783; x_wconf 90' lang='lat' dir='ltr'>od</span> <span class='ocrx_word' id='word_1_364' title='bbox 791 4727 905 4801; x_wconf 90' lang='lat' dir='ltr'>tempos</span> <span class='ocrx_word' id='word_1_365' title='bbox 924 4722 1043 4797; x_wconf 79' lang='lat' dir='ltr'>aliquod</span> <span class='ocrx_word' id='word_1_366' title='bbox 1062 4724 1093 4783; x_wconf 92' lang='lat' dir='ltr'>in</span> <span class='ocrx_word' id='word_1_367' title='bbox 1107 4722 1232 4799; x_wconf 88' lang='lat' dir='ltr'>bospitio</span> <span class='ocrx_word' id='word_1_368' title='bbox 1245 4702 1413 4797; x_wconf 77' lang='lat' dir='ltr'>Mcpdnuni</span> <span class='ocrx_word' id='word_1_369' title='bbox 1427 4736 1538 4781; x_wconf 87' lang='lat' dir='ltr'>morsm</span> 
     </span>
     <span class='ocr_line' id='line_1_39' title="bbox 364 4820 1536 4905; baseline 0.009 -22"><span class='ocrx_word' id='word_1_370' title='bbox 364 4820 430 4897; x_wconf 78' lang='lat' dir='ltr'>leo,</span> <span class='ocrx_word' id='word_1_371' title='bbox 446 4841 481 4885; x_wconf 87' lang='lat' dir='ltr'>ec</span> <span class='ocrx_word' id='word_1_372' title='bbox 494 4826 610 4887; x_wconf 88' lang='lat' dir='ltr'>interim</span> <span class='ocrx_word' id='word_1_373' title='bbox 625 4825 775 4905; x_wconf 86' lang='lat' dir='ltr'>Phiiippus</span> <span class='ocrx_word' id='word_1_374' title='bbox 790 4846 809 4892; x_wconf 88' lang='lat' dir='ltr'>s</span> <span class='ocrx_word' id='word_1_375' title='bbox 824 4828 1114 4905; x_wconf 70' lang='lat' dir='ltr'>sustenementum,</span> <span class='ocrx_word' id='word_1_376' title='bbox 1134 4826 1353 4904; x_wconf 69' lang='lat' dir='ltr'>Bsmbsrsensis</span> <span class='ocrx_word' id='word_1_377' title='bbox 1368 4833 1399 4889; x_wconf 90' lang='lat' dir='ltr'>et</span> <span class='ocrx_word' id='word_1_378' title='bbox 1411 4825 1536 4903; x_wconf 67' lang='lat' dir='ltr'>Musun-</span> 
     </span>
    </p>
   </div>
   <div class='ocr_carea' id='block_1_5' title="bbox 0 0 1854 5692">
    <p class='ocr_par' dir='ltr' id='par_1_5' title="bbox 0 0 1854 5692">
     <span class='ocr_line' id='line_1_40' title="bbox 0 0 1854 5692; baseline 0 1"><span class='ocrx_word' id='word_1_379' title='bbox 0 0 1854 5692; x_wconf 95' lang='lat' dir='ltr'> </span> 
     </span>
    </p>
   </div>
  </div>
 </body>
</html>
