3700 5692
966 727 1009 794 lo

401 912 519 973 comites
533 917 563 973 et
577 908 775 973 Coloniensem
788 912 904 986 attinet,
928 926 1012 971 suum
1026 908 1134 972 habere
1147 907 1278 987 modum,
1291 909 1387 986 idque
1404 912 1445 972 sic
1457 907 1553 972 cesari

400 1016 593 1080 referendum.
628 1018 736 1078 Verum
751 1019 868 1080 comites
884 1033 998 1092 quoque
1018 1019 1120 1079 citatos
1135 1017 1231 1094 obrid,
1256 1016 1334 1093 quod
1347 1015 1411 1078 duci
1424 1017 1552 1092 suono,

401 1122 550 1185 Gattormm
563 1124 688 1200 principi
707 1139 744 1184 ac
761 1124 987 1199 protestantibus
1002 1123 1240 1186 Schmalkaldicae
1259 1125 1373 1186 amonis
1388 1123 1557 1190 militaverint

351 1225 356 1234 '
401 1236 431 1290 et
444 1230 610 1291 rebellionis
623 1245 699 1292 amno
714 1232 865 1306 superiore
878 1245 911 1290 se
926 1230 1063 1291 obnoxios
1078 1228 1260 1292 reddiderint
1275 1236 1328 1291 etc.
1350 1229 1396 1292 Ad
1407 1229 1467 1290 haec
1479 1229 1555 1290 libs

400 1336 460 1395 rius
482 1336 644 1412 respondit,
667 1353 721 1396 nos
742 1353 907 1411 quanquam
926 1337 1037 1411 magmis
1056 1341 1086 1396 et
1098 1335 1187 1397 uariis
1205 1337 1329 1412 negotiis
1350 1335 1424 1398 doni
1440 1334 1558 1409 occupati

401 1459 455 1502 nec
468 1444 506 1504 ab
520 1443 643 1507 bostium
659 1457 773 1516 quoque
786 1440 997 1503 incursionibus
1012 1441 1105 1517 bberi,
1121 1446 1217 1502 tamm
1231 1457 1337 1517 magno
1352 1457 1404 1502 nos
1416 1441 1558 1516 Augustam

401 1549 566 1624 contulisse,
579 1565 640 1623 quo
660 1564 794 1609 cesareae
807 1548 951 1624 maiestati
966 1546 1159 1609 obedientiam
1173 1553 1391 1623 praestaremus3
1414 1546 1488 1622 quod
1499 1553 1558 1605 vero

401 1653 439 1714 ad
453 1671 567 1715 causam
580 1655 672 1730 ipsam
687 1655 831 1730 attineret,
856 1653 1004 1715 archiduci
1019 1659 1049 1715 et
1063 1653 1289 1716 calerisnotum
1304 1669 1378 1730 esse,
1394 1651 1468 1727 quod
1481 1652 1563 1724 nocui,

401 1764 468 1819 ante
488 1775 601 1820 menses
622 1761 689 1835 plus
706 1775 757 1819 sex
777 1760 808 1819 im
822 1761 914 1818 nostri
935 1759 1150 1820 exeusationem
1170 1760 1201 1818 in
1215 1759 1342 1824 medinm
1361 1756 1525 1820 adduxerint
1536 1760 1561 1815 et

401 1865 560 1940 protocollo
569 1865 739 1940 inscriptum
752 1866 799 1924 sit.
822 1865 896 1924 'lum
907 1864 936 1925 d
946 1863 1141 1939 Marquardus
1157 1865 1359 1942 interrogavit,
1374 1862 1483 1924 dicens:
1495 1851 1568 1922 lim

401 1970 503 2029 etalio
516 1974 624 2045 praeter
638 1987 687 2046 ea,
710 1987 775 2044 quae
790 1974 851 2030 tum
865 1968 1040 2046 adduxistis,
1064 1969 1146 2032 vohis
1161 1969 1283 2032 adierre
1298 1975 1344 2032 est
1357 1965 1487 2031 animus?
1512 1967 1564 2029 Re

401 2091 536 2150 sponsum
558 2094 577 2136 a
596 2078 717 2152 nostris,
747 2075 856 2137 hahere
883 2076 999 2151 quidem
1020 2092 1073 2136 nos
1092 2076 1195 2152 pluro,
1219 2092 1284 2150 quas
1306 2075 1346 2138 ed
1368 2073 1563 2137 excusationem

401 2183 492 2241 nostri
505 2181 628 2258 iaciant,
651 2199 752 2243 uerum
772 2198 809 2242 ne
830 2180 945 2241 domiuo
968 2180 1114 2241 archidmi
1130 2185 1161 2243 et
1175 2183 1289 2242 caeteris
1307 2182 1423 2245 molesti
1441 2193 1563 2251 ememus,

400 2303 453 2348 nos
467 2293 574 2364 petere,
590 2294 623 2348 ut
637 2305 690 2348 sua
699 2287 843 2348 celsitudo
857 2291 888 2348 et
901 2286 952 2346 alii
966 2286 1123 2348 consiliarii
1137 2302 1174 2348 ca
1188 2286 1335 2363 relegere,
1350 2297 1420 2363 qum·
1431 2301 1514 2368 super
1525 2284 1564 2344 bis

400 2394 432 2452 in
445 2395 602 2470 protocollo
623 2396 737 2470 signatu
759 2398 873 2470 essent,
899 2394 1089 2468 dignarentur
1103 2398 1134 2454 et
1147 2394 1343 2470 imperatorius
1367 2393 1564 2469 maiestatinos

400 2500 611 2562 commendatos
625 2499 743 2560 habere.

488 2604 559 2666 Post
574 2607 670 2680 exigui
684 2605 822 2680 temporis
836 2603 1020 2665 intervallum
1033 2603 1204 2680 limonari-
1215 2604 1376 2683 respcudit,
1395 2603 1564 2668 archiducem

399 2713 583 2786 praesentiam
596 2716 725 2772 nostram
738 2717 769 2771 et
779 2711 945 2785 petih'ouem
962 2725 1095 2770 casarum
1108 2711 1261 2788 humectati,
1278 2727 1366 2786 quam
1378 2713 1499 2790 primum
1511 2706 1567 2768 fiori
1608 2781 1611 2788 ⁴

400 2822 527 2892 posset„
540 2818 698 2879 relaturum
717 2822 747 2877 et
766 2816 887 2878 eundem
907 2816 936 2878 d.
952 2814 1167 2893 presidentem,
1190 2824 1224 2879 ut
1238 2815 1362 2880 cesaris
1386 2818 1526 2880 daoreum
1541 2812 1567 2870 111

400 2922 455 2982 hoc
468 2930 693 2999 expectaremus,
705 2922 818 2999 jubere.
835 2924 962 2985 Peh'tum
977 2924 1065 2985 etiam
1080 2940 1098 2986 a
1112 2923 1205 3000 nobis,
1220 2928 1254 2984 ut
1268 2923 1419 3011 petitionis
1429 2921 1566 2986 colomm-

400 3028 473 3089 sium
487 3030 570 3090 nobis
585 3031 669 3105 copia
682 3046 736 3106 per
749 3031 888 3107 scriptum
902 3029 995 3091 tieret.
1124 3055 1128 3069 ι
1279 3031 1284 3036 ’

488 3136 599 3196 Eadem
614 3136 701 3197 Ottbo
714 3153 809 3198 comes
823 3155 842 3197 a
855 3137 1018 3212 Rethbcrg,
1041 3137 1183 3198 &mestus
1202 3153 1221 3198 a
1235 3137 1329 3199 solms
1344 3144 1376 3200 et
1390 3131 1567 3197 cancellinus

399 3242 608 3319 archiepiscopi
628 3243 799 3319 bremensis,
820 3241 940 3302 chrici
961 3240 1040 3302 ducis
1056 3242 1276 3318 aBrumsohuig
1289 3248 1465 3330 procurator
1479 3241 1568 3300 oontm

400 3347 597 3414 Goslariemes
611 3355 642 3411 et
655 3350 773 3412 comites
790 3347 958 3410 waldeoiani
978 3347 1055 3426 apud
1070 3349 1202 3411 comitem
1213 3348 1401 3412 wilhelmum
1416 3349 1452 3410 de
1465 3345 1569 3407 nmen

400 3455 501 3530 pransi
515 3462 590 3518 suut.
1176 3483 1184 3500 ¹

488 3561 548 3622 Ubi
562 3561 629 3622 dum
639 3559 770 3622 Eubulus
785 3560 881 3621 comiti
895 3559 1038 3621 aNassau
1053 3565 1162 3637 ommi,
1178 3562 1273 3638 ipsum
1286 3560 1448 3632 marchioni
1461 3555 1570 3618 ilberto

400 3667 652 3744 aBrandenburg
675 3667 790 3727 nomine
818 3665 998 3727 dominorum
1025 3665 1241 3743 chmeberp
1270 3669 1373 3730 literas
1395 3664 1570 3728 Franciscun

399 3772 512 3848 Dalwip
530 3780 734 3834 concernentes
756 3771 910 3847 obtulisse,
942 3786 978 3831 en
999 3787 1066 3834 mcx
1088 3787 1184 3834 comas
1199 3759 1368 3837 willelmus
1383 3772 1423 3834 ad
1436 3767 1569 3848 principes

399 3877 511 3950 abquot
524 3885 652 3954 vocatus,
672 3881 750 3940 inter
764 3893 837 3954 quos
857 3884 888 3938 et
900 3878 996 3953 ipsum
1010 3879 1204 3940 marchionem
1215 3879 1277 3953 jam
1291 3883 1394 3940 comma
1408 3892 1455 3936 me
1477 3883 1569 3949 querit

400 3983 457 4044 lam
475 3985 671 4048 instituentem
689 3987 726 4048 ob
741 3987 874 4046 oheutem
896 3999 981 4045 suum
995 3983 1108 4060 Dalwig
1134 3990 1340 4061 mgentemque
1360 3981 1504 4059 principes
1524 3973 1570 4036 uli·

400 4082 480 4165 quot,
502 4095 536 4150 ut
549 4091 591 4152 illi
606 4097 702 4155 astare
716 4093 821 4167 uelim,
844 4107 912 4153 uam
934 4091 1029 4165 ipsum
1048 4088 1128 4165 apud
1142 4086 1286 4153 Oaesurem
1307 4103 1354 4150 me
1369 4091 1568 4150 mauritarum

399 4197 517 4272 reperit.
556 4197 704 4258 Praeterea
726 4196 862 4272 quicquid
877 4195 1032 4258 waldeoiis
1053 4195 1267 4257 incommodare
1286 4198 1397 4273 possit,
1421 4193 1461 4255 ad
1479 4190 1570 4251 locse

399 4309 533 4378 peretum
552 4319 616 4363 esse
637 4303 776 4379 gloriatus
797 4306 850 4363 est.
888 4301 996 4362 Literna
1019 4302 1096 4362 enim
1120 4302 1333 4364 dominorum‘a
1346 4288 1521 4366 nemetes
1533 4286 1569 4348 iffi

399 4409 486 4470 bilem
499 4414 659 4471 moverant.
698 4408 757 4472 Sed
772 4413 868 4471 tamem
882 4414 987 4484 rogatu
1002 4408 1113 4469 comitis
1128 4407 1165 4469 de
1178 4409 1294 4470 Nassum
1308 4423 1345 4469 eo
1359 4403 1484 4477 deuenit,
1506 4395 1570 4458 atii

399 4514 476 4575 inter
488 4516 681 4578 marchionem
700 4521 789 4577 etms
803 4514 914 4576 arbiter
929 4509 1077 4589 existebat,
1099 4515 1199 4589 sicque
1211 4516 1308 4578 mitior
1323 4511 1458 4575 redditur
1471 4503 1567 4566 Albit-

399 4620 607 4682 tusilleblero
624 4617 1045 4699 (marcbiovolebamdioere).
1390 4690 1393 4698 ,

489 4725 600 4786 Eadem
614 4726 758 4789 dominam
769 4727 930 4804 principem
941 4725 1124 4788 convenimus
1137 4741 1202 4788 cam
1213 4731 1359 4803 utcunque
1371 4723 1497 4787 solantes
1510 4716 1568 4780 bre

400 4825 540 4904 sibosque
553 4830 644 4893 mdta
658 4847 722 4895 cum
736 4849 773 4897 ea
785 4830 985 4897 conferentes.-
