3700 5692
962 761 1025 826 llo

401 945 507 1016 iustius
521 942 624 1003 inisset
637 943 675 1003 ob
689 943 828 1003 honorem
841 942 968 1001 victmiae
983 948 1012 1002 et
1023 943 1142 1017 praemia
1154 949 1184 1003 et
1195 942 1310 1004 laudem
1321 948 1480 1018 reportare.
1502 942 1568 1001 ltem

405 1066 490 1122 quam
504 1056 638 1108 cruentus
653 1055 683 1108 et
696 1049 827 1107 immanis
841 1048 874 1106 in
885 1047 1082 1107 Abimelocnm
1102 1054 1131 1109 et
1149 1051 1211 1123 ejus
1230 1051 1391 1123 symmistes
1411 1066 1445 1108 ac
1465 1062 1568 1109 omnem

403 1154 546 1214 ciuitatem
561 1154 645 1214 Nube
659 1152 756 1213 luerit.
787 1154 849 1214 Nec
863 1152 912 1213 bic
927 1153 1033 1213 oblitus
1049 1160 1093 1214 est
1107 1154 1288 1216 adulatorum
1303 1155 1356 1215 sub
1371 1155 1484 1215 nominc
1493 1153 1569 1227 Doeg

403 1260 531 1334 Idnmaei,
555 1262 604 1334 qui
623 1260 882 1320 truculentissimus
900 1260 1036 1320 adulator
1056 1278 1120 1319 cum
1139 1260 1243 1320 milites
1262 1279 1281 1321 a
1299 1261 1390 1322 latere
1408 1262 1487 1334 regis
1505 1257 1570 1317 illud

405 1367 574 1440 abnuerent,
598 1367 629 1424 in
643 1367 766 1440 gratiam
780 1366 849 1425 Saul
868 1367 930 1440 ipse
950 1370 1040 1425 totam
1059 1365 1354 1426 domumdbimelecb
1375 1372 1406 1427 et
1418 1368 1495 1425 viros
1509 1382 1569 1439 por·

405 1476 500 1530 tantes
514 1471 619 1544 Eubod
634 1472 800 1547 octuaginta
820 1472 945 1545 quinque
965 1471 1118 1547 interfecit,
1142 1479 1175 1532 ut
1193 1473 1289 1547 legere
1309 1478 1354 1533 est
1368 1471 1508 1532 Samuelis
1524 1472 1569 1529 22.

406 1578 487 1636 Sauli
500 1594 560 1635 uon
580 1576 725 1636 dissimilis
743 1577 828 1636 Abab
845 1575 942 1651 inerit,
966 1579 1016 1650 qui
1036 1578 1089 1639 snb
1107 1580 1207 1638 uxoris
1225 1580 1346 1654 imperio
1360 1584 1390 1639 et
1409 1577 1464 1637 snb
1478 1591 1570 1651 pccca-

404 1688 467 1741 tnm
488 1682 677 1741 venumdatus
700 1684 730 1741 in
753 1698 837 1741 sacra
861 1684 1005 1756 scriptura
1028 1682 1146 1757 dicitnr,
1171 1689 1201 1743 et
1224 1700 1309 1757 qnam
1332 1682 1465 1743 homines
1487 1682 1525 1755 pii
1546 1685 1573 1739 et

405 1787 481 1863 frugi
501 1788 677 1862 iniquissime
692 1787 745 1847 sub
759 1787 845 1863 hujus
859 1788 936 1862 rogis
950 1788 1088 1862 regimine
1107 1788 1198 1848 babiti
1217 1790 1283 1864 sint,
1307 1792 1432 1849 testatur
1452 1786 1573 1863 probitas

405 1892 507 1953 Abdiae
522 1894 663 1953 oeoonomi
677 1895 764 1968 regis,
788 1894 838 1967 qni
856 1893 1007 1954 abscondit
1029 1896 1069 1954 50
1089 1895 1244 1970 propbetas
1263 1895 1294 1953 in
1314 1910 1373 1953 uua
1388 1900 1418 1953 ot
1437 1894 1478 1952 50
1492 1894 1522 1952 in
1535 1892 1572 1950 al·

404 2004 470 2059 tera
483 2000 627 2075 spelunca,
650 2015 773 2072 pascens
785 2014 838 2057 eos
851 2000 969 2073 insuper
984 2016 1060 2074 pane
1075 2005 1105 2060 ot
1119 2016 1203 2075 aqua,
1227 2016 1283 2075 qno
1302 2000 1444 2059 immunes
1464 1998 1574 2060 atroci·

405 2105 520 2165 datione
540 2112 637 2165 assent
656 2111 709 2165 etc.
740 2106 856 2179 Rogare
877 2106 1001 2180 deniquo
1017 2107 1104 2181 jussit
1124 2106 1281 2182 dominum,
1305 2111 1339 2165 ut
1357 2111 1459 2181 patres
1479 2104 1573 2180 patriae

404 2212 496 2272 bonos
510 2212 593 2272 nobis
607 2213 756 2285 impartire
772 2210 948 2285 dignaretur.

493 2317 520 2375 A
535 2318 672 2377 concione
690 2318 819 2377 loannes
838 2315 930 2376 irater
950 2323 980 2376 et
999 2332 1052 2391 ego
1067 2316 1288 2377 Atrebatensem
1307 2314 1388 2376 adira
1403 2314 1573 2386 volebamus,

406 2423 456 2495 qni
470 2426 566 2481 minen
580 2422 618 2481 ad
632 2427 744 2495 patrem
762 2422 882 2495 abierat,
905 2422 970 2481 ilico
986 2428 1082 2482 autom
1101 2429 1249 2484 revertens
1269 2427 1299 2481 et
1316 2422 1480 2497 conspectis
1495 2420 1572 2479 comi·

403 2527 480 2588 tibus
496 2528 692 2588 Waldecianis
706 2528 757 2601 ait,
779 2526 904 2587 nondum
919 2527 1013 2587 babeo
1027 2526 1120 2589 adbuc
1134 2544 1304 2603 responsum
1317 2545 1336 2587 a
1351 2544 1404 2588 sua
1420 2528 1573 2603 maestam

405 2633 470 2691 Hoc
482 2650 622 2707 responso
636 2635 683 2692 bic
698 2633 759 2693 dies
772 2630 908 2693 terendus
929 2638 1001 2693 erat.

494 2738 553 2798 Sub
574 2739 647 2798 casis
665 2738 833 2799 mercatoris
854 2737 988 2799 carolum
1008 2753 1026 2798 a
1048 2738 1183 2799 Stockem
1201 2740 1361 2814 reperimus
1381 2736 1507 2799 eundem
1527 2734 1574 2794 boc

405 2842 604 2903 Atrabatamia
618 2861 758 2918 responso
773 2845 908 2905 solantes.

494 2950 569 3009 Dum
591 2950 621 3009 in
644 2951 744 3010 eodem
765 2950 870 3009 itinere
892 2949 929 3023 de
951 2949 1026 3009 libro
1047 2949 1208 3010 Bibliandri
1233 2950 1270 3007 de
1297 2949 1411 3010 ratione
1441 2945 1574 3008 communi

404 3055 529 3114 omnium
548 3057 711 3130 linguarum
730 3071 765 3114 ac
781 3054 943 3115 litterarum
962 3070 1165 3131 mercaremnr,
1188 3054 1264 3115 Dido
1284 3070 1302 3115 a
1321 3054 1515 3129 Knipbansen
1532 3067 1573 3111 su·

404 3161 543 3242 parvenit,
567 3160 706 3235 indicans,
730 3161 780 3233 qui
794 3166 871 3220 esset
884 3166 977 3220 status
991 3165 1179 3235 cognatorum
1193 3166 1356 3219 nostrornm
1372 3159 1409 3219 de
1425 3160 1512 3234 fluia,
1530 3156 1574 3215 sed

404 3280 518 3325 causum
533 3282 633 3325 eornm
646 3273 748 3327 conma
761 3265 947 3325 Franciscum
961 3283 980 3325 a
994 3265 1064 3325 Hall
1083 3266 1147 3326 duci
1161 3265 1318 3325 Juliaccusi
1336 3270 1370 3325 ut
1383 3264 1574 3325 commissario

404 3388 423 3431 a
436 3370 563 3432 casarea
575 3372 727 3444 majestate
742 3371 921 3430 commissam
937 3382 1009 3431 csso.

492 3477 604 3536 Eadem
617 3478 767 3550 opiscopus
782 3476 961 3535 Trevirensis
980 3490 1031 3548 per
1047 3474 1231 3535 Wilbelmum
1247 3475 1393 3548 juniorem
1415 3476 1573 3535 comitanda

403 3583 597 3658 Witgemtein
616 3599 670 3642 noa
688 3596 784 3642 secum
803 3581 948 3658 prandere
963 3580 1059 3655 jnssit.
1093 3580 1205 3641 Eadem
1224 3580 1263 3639 ad
1282 3578 1454 3655 Gultlingen
1474 3596 1526 3655 pro
1544 3578 1573 3637 li·

403 3690 527 3749 oentiutc
541 3691 636 3749 Maior
650 3704 703 3763 per
717 3689 891 3763 sumpsimus.
922 3686 1056 3747 Subortae
1075 3693 1143 3748 sunt
1162 3686 1262 3747 eadem
1281 3686 1353 3745 rixae
1373 3686 1521 3747 nonnulla
1535 3686 1571 3742 in·

402 3800 448 3853 ter
463 3794 662 3855 Wendeiinnm
676 3801 706 3855 at
719 3794 847 3854 Florum.

490 3900 670 3959 Trevirorum
690 3901 900 3975 archiepiscopi
920 3915 1028 3959 mensa
1049 3898 1192 3959 Ernestns
1213 3912 1307 3957 comes
1329 3913 1347 3957 a
1368 3897 1480 3971 Solms,
1503 3896 1572 3955 Hen-

401 4005 478 4063 ricus
492 4020 586 4063 comes
601 4020 619 4062 a
633 4004 785 4080 biningen,
809 4004 970 4080 Philippus,
995 4005 1110 4065 Samuel
1130 4008 1159 4061 et
1172 4002 1304 4061 Eubulus
1323 4004 1444 4062 comites
1466 3998 1571 4063 awo-

402 4108 483 4183 deck,
506 4106 610 4168 nobilis
629 4109 665 4169 de
680 4110 857 4185 Scbomborg
876 4109 1070 4169 marschalous
1091 4107 1206 4167 casaris
1226 4113 1279 4169 cte.
1295 4107 1469 4169 wilhelmus
1485 4120 1571 4167 eomes

401 4230 420 4272 a
434 4214 626 4289 Witgonstein
640 4217 771 4277 aderaut.

489 4319 570 4379 Inter
584 4320 785 4381 Trevireneem
800 4326 830 4379 at
843 4318 989 4380 Eubulum
1004 4324 1174 4379 conventum
1189 4324 1242 4392 est,
1259 4325 1292 4379 ut
1304 4320 1330 4379 si
1344 4320 1479 4379 Eubulus
1493 4317 1570 4377 linn-

399 4424 534 4483 tcbnrnm
554 4427 714 4500 planstrum
736 4427 875 4485 cerevisia
888 4424 1081 4485 (lorbachensi
1100 4429 1234 4485 onustum
1253 4426 1361 4500 mittat,
1384 4423 1570 4499 archiepisco-

400 4547 454 4603 pus
474 4530 547 4589 illud
568 4532 635 4590 vino
656 4534 789 4589 onustum
809 4531 951 4604 remittat,
975 4530 1051 4590 idem
1072 4529 1201 4590 facturus
1222 4532 1335 4591 etiamsi
1356 4529 1498 4590 cnevisia
1518 4540 1569 4585 nou

399 4632 492 4692 detur.
523 4634 673 4694 Pollicitus
692 4640 737 4694 est
755 4641 785 4695 et
799 4635 981 4696 Treuircnsis
1000 4652 1032 4696 se
1047 4639 1143 4696 omnia
1156 4638 1248 4697 nostri
1262 4652 1331 4709 ergo
1347 4642 1377 4696 et
1390 4633 1473 4709 apud
1487 4646 1567 4691 eem-

399 4753 460 4794 rem
480 4745 510 4797 et
529 4739 606 4811 apud
625 4741 846 4801 Atrebatensem
866 4741 1035 4800 subiturum.
1072 4741 1117 4799 De
1136 4742 1199 4815 eius
1218 4741 1364 4801 uoluntate
1384 4756 1446 4800 non
1462 4735 1567 4799 dubita·
1638 4776 1639 4781 η

399 4840 514 4915 burnus,
538 4844 592 4901 sed
612 4845 696 4904 obest
715 4846 758 4903 illi
779 4846 936 4907 dextarbas
958 4846 1113 4921 pontatica,
1136 4847 1193 4909 boe
1215 4854 1274 4923 est,
1298 4845 1374 4921 quod
1391 4845 1496 4903 caessui
1516 4852 1567 4899 noc
