3700 5692
406 904 513 967 Libros
534 901 691 976 adomino
711 903 780 966 Vito
801 903 886 967 datos
907 902 1034 982 Georgia
1055 904 1178 968 Weiden
1198 909 1419 986 compingendos
1439 911 1489 972 de·

318 1014 422 1074 dimus.
838 1041 841 1045 ¹

407 1110 531 1178 Domine
550 1117 631 1191 Jesu,
654 1131 720 1177 cum
739 1117 861 1190 ipsemet
880 1117 920 1176 sis
939 1117 1057 1194 veritas,
1079 1119 1110 1178 in
1129 1120 1251 1180 veritate
1272 1137 1384 1196 quoque
1399 1123 1490 1199 patris

317 1224 361 1284 tui
373 1223 485 1284 locatus
499 1223 548 1298 sis,
571 1223 714 1283 neminem
734 1237 771 1281 ex
785 1222 868 1283 nobis
887 1224 999 1283 miseris
1021 1225 1189 1286 mortalibus
1210 1241 1262 1287 sua
1282 1227 1368 1286 anxia
1388 1229 1490 1288 sollici·

312 1329 418 1390 tudine
440 1329 487 1389 uel
507 1327 564 1388 sibi
585 1328 712 1391 cubitum
732 1327 918 1403 longitudinis
940 1330 1065 1404 adjicere
1085 1339 1184 1405 posse,
1202 1331 1244 1391 ita
1263 1332 1362 1391 volens
1382 1349 1434 1392 nos
1454 1334 1490 1395 de

315 1439 418 1496 nostra
432 1451 508 1494 vana
520 1449 556 1494 ac
573 1434 662 1494 stulta
679 1449 752 1493 cura
772 1438 802 1493 et
819 1433 915 1494 inutili
933 1435 1052 1496 tristitia
1070 1435 1110 1494 ad
1128 1436 1268 1511 cogitatus
1287 1443 1401 1498 nostros
1415 1439 1446 1497 in
1460 1445 1489 1500 te

314 1538 488 1616 rejiciendos
508 1539 633 1599 allicere.
673 1538 716 1597 Te
729 1553 864 1612 rogamus
885 1545 969 1614 pater
992 1545 1022 1600 et
1035 1540 1215 1617 redemptor,
1240 1541 1277 1601 da
1297 1543 1380 1603 nohis
1402 1543 1488 1620 lerre,

314 1663 381 1721 quae
392 1647 472 1720 juste
487 1645 622 1721 patimur,
636 1643 691 1704 tibi
705 1641 796 1704 fidere
811 1648 918 1704 etate
934 1645 1024 1706 omnis
1039 1646 1083 1705 rei
1098 1653 1229 1707 eventum
1246 1656 1421 1725 exspectare,
1440 1653 1489 1726 qni

314 1753 389 1812 uiris
404 1755 436 1811 et
449 1766 554 1826 regnas
569 1755 623 1810 etc.

404 1858 445 1932 xij
467 1856 577 1932 Aprilis
598 1871 635 1917 ex
652 1856 753 1917 norica
771 1856 843 1918 urbe
862 1854 931 1917 dum
951 1857 1059 1919 abitum
1078 1875 1226 1936 paramus,
1250 1863 1402 1938 singularis
1422 1863 1487 1924 doc-

312 1964 401 2023 trinae
415 1968 446 2022 et
464 1962 627 2038 prudentiae
645 1963 818 2039 pietatisque
838 1979 955 2023 summae
975 1963 1019 2021 vir
1037 1964 1230 2039 Hieronymus
1245 1967 1489 2042 Baumgartnerus

313 2074 435 2150 senator
453 2074 484 2130 et
501 2070 640 2145 patricius
655 2068 887 2143 norinbergensis
902 2085 955 2130 nos
970 2071 1113 2144 convenit,
1136 2073 1186 2145 qui
1204 2073 1280 2130 inter
1298 2078 1402 2134 caetera
1415 2075 1489 2134 hao-

312 2176 379 2235 cine
393 2191 470 2235 nunc
484 2191 547 2235 esse
560 2181 692 2249 tempora
706 2176 757 2250 ait,
780 2183 814 2236 ut
828 2191 912 2235 nemo
927 2176 1019 2238 amico
1034 2177 1081 2236 vel
1095 2191 1148 2251 per
1162 2181 1256 2236 mutos
1270 2178 1397 2253 nuncios,
1420 2179 1489 2252 quid

312 2283 394 2341 intus
407 2278 493 2356 ferat,
516 2281 630 2356 aperire
644 2280 744 2355 possit,
760 2287 790 2340 et
804 2296 836 2339 se
851 2283 955 2356 vereri,
972 2282 1075 2342 multos
1089 2281 1297 2356 haectempora
1311 2283 1489 2358 productura

312 2391 467 2460 martyres.

404 2493 433 2552 Δ
445 2491 629 2568 Norinberga
644 2493 897 2569 weissenburgum
913 2493 953 2551 im
968 2493 1095 2555 Norhaw
1109 2496 1165 2554 iter
1180 2496 1361 2570 arripuimus.
1392 2498 1426 2556 ln
1439 2499 1488 2558 via

312 2604 358 2661 est
381 2598 517 2674 oppidum
539 2598 713 2660 Schwabach
734 2615 798 2659 oum
818 2581 915 2658 castro
936 2616 954 2659 a
973 2599 1122 2674 coquenda
1137 2601 1274 2661 cerevisia
1294 2603 1419 2678 celebre,
1443 2603 1486 2663 di-

311 2707 402 2768 tionis
422 2705 619 2765 marchionum
638 2705 781 2766 Anshach.
820 2706 893 2765 Item
912 2711 1008 2766 castra
1026 2705 1200 2781 Annenherg
1221 2708 1346 2782 episcopi
1365 2708 1486 2770 eichsta-

312 2813 406 2874 tensis
426 2817 458 2871 et
479 2811 605 2894 dilingen⁴
623 2811 754 2884 magistri
772 2799 922 2885 teutonici,
947 2810 997 2886 qui
1022 2813 1139 2874 natione
1161 2812 1260 2874 Cattus
1283 2829 1319 2874 ex
1340 2821 1489 2876 stemmate

311 2919 349 2980 de
364 2917 568 3001 Milchlingen,
591 2918 638 2976 cui
652 2932 756 2977 nomeu
773 2916 916 2993 ioannes,
940 2918 1008 2978 licet
1027 2919 1110 2978 nimis
1129 2921 1272 2994 gratiosus
1289 2919 1337 2997 (ue
1352 2920 1421 2994 quid
1435 2920 1487 2980 du·

280 3019 285 3028 ’
312 3024 376 3084 rius
390 3022 428 3084 de
441 3023 523 3085 Jouis
536 3020 597 3083 filio
612 3021 718 3099 dicam)
734 3024 766 3082 in
779 3024 905 3096 patriam
918 3020 1015 3082 luerit.
1046 3024 1156 3084 visitur
1175 3030 1204 3085 et
1223 3041 1276 3085 arx
1294 3025 1442 3100 Heydech.

404 3131 612 3206 Weissenburg
630 3131 699 3192 urbs
719 3134 764 3192 est
778 3128 934 3202 imperialis
955 3146 973 3188 a
987 3129 1169 3205 Norinherga
1183 3132 1307 3191 miharia
1321 3136 1430 3207 septem
1444 3131 1487 3192 di·

313 3245 404 3313 stans,
421 3238 490 3297 olim
502 3253 556 3311 per
569 3237 738 3297 exconsules
752 3235 992 3309 norinbergenses
1007 3235 1171 3309 regebatur.
1195 3235 1279 3296 Nunc
1296 3237 1401 3298 vexilla
1413 3237 1487 3297 mili·

314 3345 392 3406 turia
405 3348 475 3403 ante
490 3348 590 3419 portas
604 3359 753 3418 suspensa,
770 3342 833 3416 quis
847 3339 934 3414 huJus
949 3340 1028 3401 urbis
1043 3341 1119 3415 potis
1134 3341 1180 3415 sit,
1196 3343 1266 3400 satis
1281 3341 1486 3402 demonstrant.

313 3450 424 3510 Misere
439 3450 515 3509 enim
529 3451 615 3524 cives,
638 3449 706 3508 dum
721 3463 780 3507 non
795 3446 873 3507 ocius
887 3445 1057 3507 inconsultis
1071 3444 1186 3507 Noricis
1203 3444 1373 3507 Oaesarlauis
1388 3453 1487 3524 portas

314 3561 449 3616 reserant
464 3554 545 3633 (licet
557 3556 588 3614 in
602 3556 723 3630 gratim
738 3551 871 3628 recepti)
886 3560 984 3613 tamen
997 3551 1053 3610 hoc
1067 3551 1246 3611 incommodo
1265 3545 1432 3627 multantur,
1454 3560 1494 3614 ut.

313 3660 510 3722 hebdomadas
531 3677 631 3722 nouem
655 3659 712 3720 duo
732 3659 812 3720 milia
831 3658 990 3733 iberorum,
1014 3671 1086 3730 quos
1105 3656 1266 3716 militariter
1286 3657 1397 3730 equites
1416 3660 1487 3720 levis
1580 3669 1586 3674 ·

313 3772 469 3828 armaturae
485 3767 591 3840 dicunt,
607 3771 637 3826 et
649 3766 774 3839 hospitio
790 3766 923 3840 excipere
937 3768 967 3824 et
979 3764 1057 3824 alere
1070 3767 1252 3837 cogerentur,
1262 3779 1382 3836 quorum
1395 3767 1487 3839 major

314 3887 383 3948 pars
397 3873 513 3948 hospite
527 3872 683 3932 insalutato
698 3871 790 3955 abiit.¹
808 3871 962 3931 Retinetur
977 3867 1071 3929 adhuc
1086 3867 1164 3944 apud
1181 3869 1246 3928 illos
1261 3869 1392 3930 doctriua
1406 3871 1487 3931 verbi

314 3989 396 4055 pura,
421 3982 462 4053 at,
485 3977 560 4054 proh
575 3977 667 4052 dolor,
691 3975 767 4038 ama
781 3976 882 4052 ierim,
907 3977 1011 4036 multos
1030 3975 1221 4050 pseudoverhi
1240 3977 1386 4035 ministros
1406 3977 1487 4036 dere-

315 4085 390 4144 lictis
404 4083 543 4144 uxorihus
558 4083 692 4160 amplecti
706 4089 736 4144 et
750 4084 876 4144 seculum
891 4099 926 4143 ac
941 4083 1021 4144 velut
1035 4097 1101 4142 sues
1122 4097 1152 4140 sc
1172 4099 1272 4142 rursus
1294 4082 1395 4143 eodem
1408 4084 1488 4144 volu·

315 4196 379 4252 tare
393 4188 547 4251 volutabro
560 4190 622 4250 luti.

402 4297 459 4356 liic
474 4311 590 4371 quoque
604 4295 762 4372 principem
777 4299 907 4355 nostrum
928 4291 1021 4354 adhuc
1040 4293 1236 4372 Heylbrunnae
1256 4309 1315 4354 non
1334 4292 1487 4354 admodum

253 4469 257 4474 s
317 4417 457 4478 prospera
469 4399 637 4462 ualetudine
650 4401 744 4461 teneri
758 4400 917 4461 didicimus.
1299 4477 1306 4492 .

405 4507 462 4581 Qui
477 4506 557 4569 dedit
571 4507 711 4582 incipere,
734 4504 760 4566 is
775 4522 889 4581 quoque
903 4521 1001 4566 rerum
1016 4510 1149 4566 eventum
1164 4507 1250 4566 uouit.

404 4613 553 4690 Hospitati
567 4619 663 4674 autem
677 4629 774 4672 sumus
788 4612 867 4686 apud
881 4612 1001 4677 Petrum
1015 4611 1126 4684 Eydem
1151 4616 1323 4684 quastorem
1343 4613 1486 4671 ararium.

411 4718 553 4792 Quoniam
567 4720 687 4780 vanitati
701 4720 833 4779 humanae
848 4718 997 4795 proprium
1012 4722 1064 4792 est,
1080 4715 1147 4776 dum
1161 4715 1245 4791 longe
1260 4733 1278 4776 a
1292 4718 1420 4792 periculo
1435 4717 1486 4777 ab·

321 4829 376 4902 aa,
399 4824 497 4888 omna
515 4824 571 4887 stoa
590 4823 674 4888 acue
693 4825 883 4902 persumere,
905 4829 939 4887 a
957 4824 1082 4904 prmum
1100 4802 1197 4886 auten
1214 4823 1293 4886 uuor
1311 4823 1431 4886 mernor
1445 4823 1486 4898 st,
