3700 5692
848 728 910 793 153

291 927 348 984 que
363 908 465 969 ιιιιιιιο
479 915 591 982 tempus
606 924 672 965 cum
686 907 833 980 Velbergh
853 914 884 966 ιι
901 907 1049 981 Stephano
1069 906 1180 983 fefelli,
1204 910 1275 969 nihil
1295 915 1391 970 tamen
1411 929 1462 985 po·

292 1020 394 1087 tatum
419 1014 471 1073 sed
485 992 685 1073 honestissime
698 1013 792 1070 lusum
808 1018 860 1071 est.
1189 1034 1192 1037 ·

379 1120 509 1177 Instante
531 1117 604 1176 hora
627 1132 717 1176 coenae
741 1133 841 1176 rursus
864 1118 942 1177 laute
966 1118 1087 1177 uiximus
1110 1132 1163 1176 nec
1186 1120 1336 1192 quisquam
1358 1137 1464 1180 mensae
1543 1109 1551 1124 ’

289 1224 499 1298 archiepiscopi
513 1225 620 1296 praeter
635 1238 694 1296 eos,
719 1223 812 1295 quiin
827 1224 963 1281 comitatu
977 1222 1122 1281 Wilhelmi
1137 1221 1260 1298 fuerant,
1284 1225 1462 1285 assederunt.

289 1330 426 1388 Potatum
441 1326 556 1399 quidem
572 1331 616 1384 est
629 1327 747 1400 largius,
772 1327 813 1383 ita
827 1331 923 1385 tamen
938 1334 971 1386 ut
985 1327 1085 1385 nrodus
1100 1327 1293 1387 adhiberetur.

378 1432 407 1491 A
422 1448 505 1489 coena
519 1429 750 1505 archiepiscopus
765 1430 949 1489 Wilhelmum
970 1432 1100 1489 comitem
1119 1433 1155 1491 ad
1176 1449 1290 1491 currum
1310 1449 1400 1507 usque
1416 1434 1464 1493 'de-

290 1537 381 1596 duxit.
414 1536 485 1594 Inde
501 1539 530 1593 et
544 1550 597 1593 nos
616 1534 831 1610 archiepiscopo
851 1535 1043 1595 valedicentes
1062 1537 1232 1609 rogabamus
1251 1544 1292 1613 ut,
1315 1539 1394 1612 'quod
1416 1555 1463 1598 co·

290 1658 351 1699 mes
371 1640 542 1700 Wilhelmus
564 1640 656 1697 nostri
679 1640 794 1697 nomine
813 1640 850 1697 ab
872 1656 905 1697 eo
929 1641 1060 1714 petierat,
1084 1648 1223 1713 praestare
1243 1644 1353 1727 vellet„
1373 1644 1465 1718 vSpem

289 1745 393 1805 honam
409 1744 498 1803 dedit.
529 1743 698 1803 conscensis
712 1744 802 1817 igitur
815 1746 896 1816 equis
911 1745 1069 1818 Augustam
1084 1747 1254 1818 repetimus:
1279 1748 1354 1805 Dum
1369 1754 1465 1808 autem

289 1850 327 1910 ad
347 1850 537 1909 Wernitziam
556 1864 667 1906 amnem
688 1849 831 1921 semmua,
853 1849 977 1905 rusticus
1000 1848 1219 1922 quidamnobis
1242 1852 1353 1910 obviam
1377 1853 1463 1925 uenit,

290 1969 471 2029 praemonens
485 1954 560 2011 vada
573 1950 697 2011 fluminis
714 1952 905 2011 exundatione
920 1967 1060 2025 aquarum
1076 1952 1192 2027 dirupta
1210 1970 1281 2012 esse.
1312 1956 1387 2014 Nam
1403 1972 1465 2013 curn

290 2075 324 2119 eo
346 2060 394 2117 die
416 2058 519 2117 coelum
542 2057 645 2115 sudum
666 2062 743 2115 esset
763 2061 793 2116 et
813 2058 881 2115 solis
902 2058 1038 2129 splendor
1056 2058 1159 2131 acrior,
1184 2060 1288 2131 alpinae
1311 2061 1389 2117 nives
1405 2060 1464 2118 sole

290 2162 427 2222 confectae
441 2163 473 2219 ιιι
488 2163 597 2235 Lycum
612 2160 773 2221 diffluentes
789 2163 819 2219 in
834 2169 945 2221 ceteros
960 2161 1060 2221 fluvios
1076 2178 1106 2220 se
1122 2168 1323 2237 exonerarunt,
1344 2170 1373 2221 et
1387 2165 1465 2222 intra

289 2284 411 2341 parvum
425 2267 480 2324 hoc
493 2268 631 2340 temporis
650 2268 782 2341 spatium,
806 2284 863 2339 quo
883 2269 913 2325 in
928 2267 1051 2341 Velberg
1067 2268 1230 2341 agebamus,
1253 2264 1357 2327 flumen
1377 2278 1464 2327 exun-

290 2373 355 2431 dari
368 2370 506 2430 fecerant
537 2372 630 2443 Igitur
651 2387 745 2429 comes
765 2371 934 2429 Wilhelmus
954 2388 969 2429 ι
984 2388 1069 2429 ιιιιι·ιι
1086 2376 1114 2429 et
1134 2387 1185 2429 nos
1201 2372 1305 2444 reliqui
1319 2374 1401 2443 equis
1416 2372 1464 2430 de-

289 2474 460 2536 scendentes
474 2473 609 2534 familiam
629 2476 688 2533 alia
708 2474 831 2533 fluminis
851 2472 925 2533 vada
946 2492 1075 2547 quaerere
1092 2477 1237 2549 jussimus,
1261 2476 1317 2549 ipsi
1336 2476 1465 2548 pedestri

289 2583 396 2641 itinere
412 2581 571 2653 Augustam
586 2597 677 2652 usque
691 2580 799 2638 ocreati
814 2580 1020 2639 contendimus.

378 2685 444 2743 Rex
458 2683 660 2743 Ferdinandus
675 2691 705 2744 ιι
718 2683 792 2744 ιιιιιιι
812 2685 874 2757 eJus
894 2684 1106 2743 Maximilianns
1127 2685 1266 2745 archidux
1284 2685 1408 2745 Austriae
1428 2685 1464 2745 ob

289 2790 487 2849 salubritatem
504 2790 580 2846 aeris
594 2790 625 2847 in
640 2806 691 2847 rus
706 2792 812 2864 ierant,
837 2805 909 2863 quos
925 2797 954 2848 et
969 2790 1170 2862 obequitantes
1186 2790 1317 2849 vidimus.
1419 2822 1420 2827 ι
1452 2802 1455 2807 ·

379 2894 463 2952 Arois
478 2895 631 2968 Velhurgae
646 2896 717 2953 situs
733 2897 940 2954 amoenissimus
957 2902 1009 2967 est,
1034 2898 1083 2969 qui
1102 2897 1211 2954 scilicet
1224 2896 1384 2969 Augustam
1399 2905 1463 2953 ver-³

289 3016 337 3056 ans
353 2998 392 3058 ob
412 3013 576 3070 camporum
595 3000 743 3072 planitiem
762 3000 999 3073 jucundissimum
1021 3008 1203 3073 prospectum
1224 3001 1325 3073 habet,
1350 3016 1385 3058 ex
1406 3000 1464 3058 alio

289 3103 391 3175 latere,
414 3117 479 3159 cum
493 3104 531 3159 sit
545 3119 632 3177 super
646 3101 747 3161 collem
768 3102 917 3176 edificata,
940 3105 1127 3163 monticulosa
1147 3111 1192 3163 est
1209 3105 1301 3164 hortis
1323 3109 1353 3162 et
1365 3104 1464 3163 viretis

289 3210 386 3267 nitens
401 3222 460 3265 non
474 3208 576 3280 procul
590 3225 608 3266 a
623 3209 711 3280 sylvis
726 3208 817 3281 regis,
841 3224 906 3280 quae
923 3206 1046 3265 letarum
1061 3207 1244 3265 feracissima
1260 3214 1335 3265 sunt.

380 3313 437 3371 Ειι
452 3318 481 3370 ιι
502 3312 540 3370 ad
555 3313 663 3371 declive
678 3312 783 3369 montis
798 3313 828 3369 in
847 3313 966 3385 planitie
987 3312 1123 3383 templum
1138 3311 1211 3370 divae
1225 3310 1464 3383 Redigundae'sa'-

291 3432 474 3491 crumenae
495 3417 586 3475 isthac
607 3434 625 3475 a
644 3416 759 3474 rusticis
779 3417 890 3490 colitur,
914 3417 993 3489 apud
1014 3416 1091 3487 quod
1112 3417 1178 3474 olim
1193 3414 1393 3474 Fordinandos
1412 3430 1465 3473 rex

288 3540 307 3583 a
330 3522 437 3581 Carolo
459 3521 550 3580 fratre
571 3520 696 3578 Austrire
721 3520 854 3579 ducatum
873 3522 1035 3593 accepiet
1007 3520 1091 3579 etab
1113 3521 1241 3579 eodem
1233 3536 1263 3576 m
1284 3516 1466 3577 archiducem

290 3628 482 3700 inauguratus
505 3630 563 3697 est,
587 3641 677 3697 quare
698 3630 728 3683 ιι
747 3625 842 3698 magni
864 3625 1002 3702 triumphi
1022 3625 1127 3684 ibidem
1148 3628 1215 3682 ante
1238 3638 1345 3682 annos
1350 3626 1415 3681 octo
1436 3627 1465 3681 ιι

291 3732 392 3790 (ιιιιιιι
406 3730 498 3789 habiti
513 3734 589 3787 sunt.
1268 3737 1270 3743 ’

378 3833 539 3908 Augustam
554 3833 722 3892 venientes
714 3850 745 3890 ιιι
760 3832 844 3892 domo
859 3834 969 3892 comitis
985 3834 1131 3892 Wilhelmi
1145 3781 1286 3891 Emestus
1302 3829 1463 3891 aSchaum

287 3940 370 4015 berg,
394 3940 545 4012 Philippus
567 3944 597 3996 ct
619 3938 734 3995 Samuel
754 3954 773 3996 a
791 3938 911 3997 Waldec
931 3956 988 3997 una
1010 3942 1101 3997 ιιιιιι.
1133 3938 1204 3997 Post
1191 3936 1335 4010 trepotia
1353 3936 1465 3995 reniam

289 4049 425 4117 petentes
440 4044 638 4103 Waldecciani
652 4042 777 4114 hospitia
791 4057 843 4100 sna
858 4047 968 4116 petunt.

361 4148 459 4208 ‚Nota
478 4146 515 4205 de
536 4147 720 4205 contentione
742 4146 819 4206 inter
839 4146 951 4205 Hacnm
972 4148 1130 4206 etinctum
1149 4162 1193 4204 me
1214 4145 1334 4204 absente
1355 4143 1463 4203 habita.

289 4251 416 4312 Domina
430 4252 562 4324 puinceps
577 4249 616 4309 ad
629 4250 841 4323 landtgravium
855 4254 990 4311 maritum
1004 4252 1090 4310 missa
1106 4250 1218 4308 dicitur.
1410 4258 1413 4263 “

380 4356 482 4415 Werla
503 4354 689 4427 westphaliae
713 4360 742 4413 ιι
762 4355 820 4415 alia
842 4358 954 4429 aliquot
975 4355 1039 4413 loca
1061 4354 1207 4413 dioceseos
1230 4350 1408 4410 coloniensis
1430 4366 1466 4409 ιιι

289 4460 518 4535 conflagratione
534 4460 667 4518 domuum
681 4460 805 4517 maxima
819 4459 998 4519 incommoda
1012 4472 1148 4531 perpessa
1164 4460 1239 4515 sunt.
1318 4480 1321 4485 2
1383 4447 1386 4471 ³
1446 4488 1450 4499 ·

379 4564 620 4637 Archiepiscopus
641 4563 820 4623 coloniensis
841 4565 1036 4637 septingentos
1055 4562 1178 4621 florenos
1198 4562 1275 4619 intra
1295 4560 1466 4633 septimanas

289 4671 393 4745 viginti
407 4669 653 4759 proqaromatibus
674 4673 703 4727 et
723 4668 913 4727 condimentis
933 4666 1078 4739 expendit
1117 4666 1249 4725 Alienum
1270 4665 1344 4723 enim
1364 4665 1400 4723 ab
1419 4663 1465 4722 bis

290 4777 371 4837 Jovis
386 4775 455 4835 filiis
471 4780 529 4851 est,
553 4774 655 4835 lamam
670 4774 808 4848 optimum
824 4790 886 4833 esse
901 4772 1118 4832 condimentum.
