3700 5692
828 775 830 779 Α
853 784 915 851 lle

290 964 436 1039 amicitia,
460 980 524 1039 qum
539 965 649 1024 lucrum
669 972 777 1025 mutum
800 974 851 1026 aut
864 968 956 1027 solum
971 969 1102 1027 secundae
1122 968 1244 1029 fortunae
1259 988 1359 1031 auram
1375 972 1470 1045 sequi-

294 1076 343 1129 tur
360 1072 463 1147 (prout
476 1071 574 1129 mnndi
590 1088 652 1137 mos
667 1070 724 1147 est)
739 1074 890 1133 adseram
905 1074 1057 1133 amicitiam
1068 1073 1139 1134 nihil
1153 1071 1230 1134 iacit.
1253 1076 1327 1135 Nam
1342 1083 1372 1136 et
1386 1085 1472 1151 poeta

294 1177 417 1249 quidam
439 1176 536 1235 dicere
557 1178 649 1235 norit:
671 1177 768 1250 Turpe
792 1178 905 1249 quidem
925 1179 1021 1253 dictum
1042 1179 1092 1237 sed
1116 1180 1238 1239 simodo
1254 1179 1470 1254 verafatemur,

293 1281 400 1353 vulgus
415 1281 555 1340 amicitias
575 1282 700 1342 utilitate
718 1283 833 1355 probat.
872 1283 929 1342 Ubi
952 1300 1020 1343 vero
1035 1299 1131 1342 rerum
1155 1281 1241 1343 iacies
1256 1285 1366 1343 tristior
1381 1303 1469 1361 apua-

292 1386 396 1457 ruerit,
420 1401 504 1443 nemo
519 1390 574 1458 est,
595 1387 647 1457 qni
661 1388 781 1445 amicum
796 1392 958 1461 eognoscat,
981 1390 1053 1445 sicut
1068 1388 1144 1447 idem
1159 1388 1239 1446 Naso
1254 1376 1344 1449 canit:
1370 1378 1471 1477 Donec

292 1490 352 1547 eris
372 1486 443 1547 felix
463 1489 567 1548 multos
596 1492 759 1549 numerabis
780 1494 900 1565 amicos,
934 1499 1064 1566 tempora
1084 1496 1109 1551 si
1132 1492 1240 1553 fuerint
1263 1494 1369 1568 nubila,
1393 1497 1470 1553 solus

289 1594 360 1651 eris.
395 1593 475 1651 Talis
489 1592 577 1665 igitur
592 1595 726 1668 amicitia,
742 1601 775 1653 nt
785 1595 857 1669 dixi,
873 1597 981 1657 nrrllins
994 1599 1084 1670 precii
1100 1604 1154 1675 est.
1179 1585 1309 1659 Christus
1324 1605 1421 1659 autem
1437 1604 1471 1659 ut

291 1701 406 1755 remoto
423 1698 500 1755 omni
515 1695 580 1756 mco
595 1715 662 1756 vere
674 1700 780 1772 diligit,
797 1702 839 1759 ita
853 1711 924 1759 rere
932 1701 1087 1761 dilectione
1104 1718 1134 1761 se
1146 1720 1264 1776 quoqne
1279 1706 1387 1765 anobis
1403 1685 1470 1781 pro·

293 1802 380 1873 sequi
396 1801 466 1859 veli.
504 1802 551 1859 Ex
561 1801 766 1861 obseruatione
779 1810 878 1863 autern
892 1822 1001 1880 eorum,
1025 1822 1089 1879 quae
1106 1806 1236 1867 Christus
1251 1812 1397 1884 precepit,
1414 1827 1470 1867 non

294 1906 446 1965 reddimur
460 1908 544 1966 amici
558 1908 675 1967 Christi.
698 1910 772 1967 Nam
783 1910 948 1969 observatio
963 1912 1024 1969 haec
1039 1912 1151 1984 signum
1166 1920 1219 1986 est,
1236 1914 1313 1985 quod
1326 1914 1471 1972 Christum

292 2010 491 2084 redamemus,
514 2014 564 2084 qni
584 2030 638 2071 nos
660 2030 696 2071 ex
711 2029 793 2072 mera
811 2014 952 2073 charitate
974 2020 1003 2073 et
1017 2018 1146 2088 gratuita
1167 2017 1364 2077 misericordia
1385 2020 1472 2078 etiam

294 2120 366 2187 tum,
383 2130 450 2172 cum
464 2114 561 2173 adhuc
575 2118 662 2175 alieni
675 2118 713 2176 ab
727 2119 791 2190 ipso
808 2121 837 2175 et
851 2123 1019 2189 peccatores
1033 2136 1170 2191 essemus,
1188 2121 1287 2180 dilexit
1304 2128 1357 2181 etc.
1395 2124 1471 2181 Nam

292 2218 494 2279 filiasfamilias
518 2239 576 2281 non
597 2223 727 2281 redditur
749 2222 825 2281 filius
845 2239 882 2282 ex
899 2206 1085 2283 obseruantia
1105 2242 1175 2299 erga
1189 2230 1315 2300 patrem,
1346 2227 1398 2284 sed
1409 2228 1469 2305 jam

289 2331 355 2383 tum
369 2323 446 2383 filins
462 2332 508 2384 est
523 2332 553 2385 ct
576 2333 662 2400 pater
677 2345 742 2387 eum
757 2343 811 2400 pro
825 2326 885 2386 filio
900 2328 987 2385 ducit.
1026 2330 1116 2387 Filius
1137 2336 1231 2387 autem
1246 2331 1301 2389 hac
1316 2332 1469 2391 observan-

292 2431 336 2488 tia
351 2445 383 2487 se
400 2434 511 2503 patrem
536 2430 656 2504 diligere
677 2432 802 2489 ostendit
816 2439 870 2490 ete.
908 2432 994 2503 Quod
1013 2450 1127 2507 quoque
1151 2451 1186 2493 en
1208 2435 1256 2493 illo
1279 2440 1368 2509 patet,
1393 2438 1470 2509 quud

293 2534 427 2593 Christus
437 2534 508 2593 dicit
519 2535 639 2608 »estis«,
651 2554 709 2595 non
720 2537 853 2595 »eritis«.
869 2537 944 2595 Nam
956 2539 981 2595 si
990 2556 1059 2597 vera
1074 2540 1225 2599 dilectione
1235 2540 1379 2599 Christum
1391 2560 1468 2601 ama·

292 2642 434 2713 verimns,
452 2637 581 2711 profecto
596 2639 658 2696 haec
674 2641 788 2700 dilectio
804 2659 863 2700 non
879 2644 935 2700 erit
948 2648 1071 2718 mortua,
1088 2644 1139 2704 sed
1153 2645 1215 2705 roci
1231 2646 1337 2706 Chr-isti
1353 2648 1470 2707 obedire

290 2751 417 2818 sataget
455 2744 542 2814 Quod
558 2761 627 2803 vero
642 2745 725 2818 dixit,
739 2746 862 2819 posthac
876 2765 927 2807 ros
942 2766 1000 2808 non
1015 2750 1079 2809 dico
1094 2767 1192 2809 servos
1208 2759 1272 2825 etc,
1295 2759 1338 2811 est
1352 2755 1468 2812 immen-

289 2866 333 2908 sae
349 2848 486 2907 bonitatis
499 2849 605 2909 Christi
614 2867 688 2923 erga
702 2868 755 2911 nos
770 2854 889 2913 miseros
903 2856 1073 2915 scriniarios
1089 2857 1233 2931 indicium,
1249 2874 1312 2916 cum
1329 2860 1467 2917 uusDeus

290 2961 323 3014 et
337 2971 392 3013 rex
406 2954 474 3013 coeli
488 2961 518 3013 et
532 2959 619 3013 terrae
642 2957 749 3015 amicos
768 2964 867 3031 uocat,
888 2960 937 3031 qui
961 2977 997 3019 ue
1012 2962 1088 3019 serni
1108 2963 1222 3033 quiderm
1243 2966 1316 3023 tend
1331 2966 1467 3041 principis

291 3075 359 3117 esse
372 3075 542 3117 mereamur.
558 3059 658 3119 Simile
670 3069 718 3121 est
731 3068 760 3121 et
773 3048 837 3135 hoc,
854 3065 932 3135 quod
947 3066 1023 3123 idern
1036 3066 1171 3125 dominus
1187 3068 1264 3143 dicit,
1281 3086 1393 3127 servum
1409 3088 1467 3129 non

289 3165 367 3224 scire
383 3165 559 3223 voluntatem
585 3167 707 3239 domini,
732 3173 763 3225 at
784 3186 817 3227 se
835 3169 980 3240 discipulis
1001 3172 1176 3229 voluntatem
1200 3178 1229 3231 et
1243 3176 1351 3247 omnia,
1367 3192 1466 3247 quaea

290 3274 377 3344 petre
391 3272 543 3343 acceperit,
559 3273 757 3331 annunciasse.
799 3273 855 3329 Hic
870 3272 1018 3330 Masculus
1035 3272 1136 3333 docuit
1150 3277 1231 3335 verbi
1249 3278 1337 3351 divirri
1351 3279 1466 3337 auditus

288 3390 378 3446 quam
394 3375 572 3432 necessarius
587 3376 634 3433 sit
671 3377 746 3433 item
768 3392 854 3449 quara
870 3377 997 3435 salutare
1021 3378 1072 3450 sit,
1097 3379 1172 3437 hanc
1185 3382 1275 3452 patris
1290 3381 1465 3441 voluntatem

288 3476 436 3549 didicisse,
453 3482 484 3535 et
498 3478 575 3549 quod
589 3478 653 3536 brec
671 3481 801 3539 voluntas
814 3481 930 3540 minime
945 3485 996 3541 aut
1006 3482 1209 3553 experietihns
1219 3485 1302 3557 pictis
1317 3492 1368 3544 aut
1381 3487 1464 3545 anili·

289 3584 345 3642 hus
359 3580 474 3654 fabulis,
491 3582 543 3640 sed
558 3600 594 3640 ex
611 3583 713 3641 auditu
726 3586 870 3657 evangelii
883 3592 914 3645 et
928 3586 1023 3645 bibliis
1039 3587 1128 3647 sacris
1144 3588 1300 3659 quaerenda
1316 3590 1361 3647 sit.
1392 3592 1464 3649 ltem

287 3687 369 3761 qnod
388 3704 447 3745 non
460 3686 584 3746 sufficiat
607 3689 682 3745 hanc
701 3690 868 3762 cognovisse
888 3693 917 3747 et
933 3691 1020 3761 scire,
1044 3690 1094 3748 sed
1116 3696 1149 3748 ut
1164 3708 1225 3750 eam
1242 3709 1330 3766 opere
1345 3695 1463 3767 implere

288 3809 442 3865 conemur,
455 3792 540 3864 juxta
553 3793 640 3864 illnd,
660 3810 780 3852 »servus
795 3795 887 3853 sciens
907 3794 1082 3853 voluntatem
1106 3795 1212 3854 domini
1233 3803 1262 3855 et
1284 3814 1341 3857 non
1355 3797 1463 3859 faciens

288 3899 385 3971 plagis
400 3896 496 3953 multis
512 3896 691 3969 vapulabit«
708 3897 782 3955 Item
797 3896 913 3969 quodsi
929 3898 992 3969 quis
1007 3916 1059 3971 per
1074 3900 1212 3958 incuriam
1222 3903 1303 3961 verbi
1317 3919 1463 3975 praecones

287 4003 393 4062 31111116
407 4001 507 4071 nollet,
524 4006 664 4059 ettamen
678 4002 870 4075 ignorantiam
884 4002 1066 4074 pretendere
1081 4004 1159 4078 velit,
1182 4008 1257 4065 huno
1271 4008 1463 4081 ignorantiam

287 4122 347 4163 non
362 4121 510 4164 excusare.
545 4105 602 4161 Hic
616 4111 712 4163 antem
727 4107 832 4172 seriam
847 4106 1068 4165 admonitionem
1082 4107 1121 4166 ad
1136 4126 1203 4169 oves
1219 4128 1279 4169 suae
1294 4129 1372 4172 curae
1387 4131 1463 4173 com-
1559 4178 1564 4191 ³

286 4214 392 4270 misses
406 4210 554 4269 mosomus
570 4210 679 4284 habuit,
693 4212 806 4271 umens:
829 4212 957 4283 Maiores
973 4213 1065 4269 nostri
1080 4214 1170 4273 zelum
1186 4216 1348 4275 habuerunt
1363 4234 1398 4275 ea
1419 4218 1432 4275 f
1449 4250 1461 4260 -

284 4316 400 4389 ciendi,
424 4330 488 4387 quae
512 4315 566 4386 ipsi
589 4315 683 4375 edocti
706 4323 802 4390 erant,
824 4334 889 4373 cum
911 4321 1007 4373 iernen
1031 4316 1093 4374 lunc
1112 4320 1243 4377 voluntas
1258 4320 1313 4377 Dei
1334 4322 1391 4393 illis
1405 4339 1462 4380 nou

288 4420 363 4479 adeo
380 4418 504 4476 dilucide
520 4435 553 4475 ac
568 4420 650 4477 nobis
661 4422 722 4493 jam
737 4426 906 4500 coruscante
922 4421 1065 4493 evangelii
1081 4420 1153 4494 luce,
1177 4422 1239 4481 Deo
1253 4423 1317 4481 laus
1332 4426 1460 4498 contigit,

283 4526 417 4584 indicata
432 4520 528 4581 inerit.
563 4523 620 4583 Sed
634 4540 686 4583 nos
701 4524 774 4596 proh
795 4524 878 4585 dolor
899 4530 959 4584 tam
973 4526 1101 4598 languidi
1116 4532 1146 4584 et
1161 4528 1251 4601 tepidi
1266 4546 1372 4601 sumus,
1388 4536 1459 4589 teni-

286 4634 394 4688 nentes
409 4632 521 4685 tautam
535 4626 742 4701 benignitatem
757 4630 812 4687 Dei
826 4647 880 4688 πω
894 4630 1029 4689 uuordo
1046 4630 1090 4688 vel
1105 4631 1160 4689 Dei
1174 4632 1273 4703 gloriae
1289 4641 1339 4693 aut
1354 4640 1460 4707 nostrae

286 4732 391 4792 suetis
406 4731 560 4804 tangimur,
577 4732 708 4803 patribus
719 4732 878 4804 declaratio
893 4736 1048 4794 voluntatis
1062 4736 1126 4809 Dei,
1148 4736 1231 4797 nobis
1246 4740 1324 4798 zelus
1339 4741 1394 4800 Dei
1409 4741 1459 4827 de-

285 4842 341 4896 est.
382 4836 567 4909 Quapropter
581 4853 635 4909 pro
649 4837 757 4897 Christi
772 4854 874 4899 amore
897 4845 926 4899 et
939 4840 1032 4913 gloria
1053 4856 1104 4899 nos
1119 4842 1300 4905 obsocramus
1315 4847 1459 4905 meliorem
