3700 5692
982 716 1045 783 led

513 897 646 980 lietteler
667 896 778 961 nobiles
799 900 840 960 cis
861 897 993 959 Rhenum
1014 898 1223 974 archicpiscopi
1249 896 1426 957 Coloniensis
1446 894 1476 955 in
1494 893 1572 956 West·

424 1005 858 1085 phaliaarolrioamerariisnut.
1224 994 1235 1013 ⁶

512 1109 627 1171 xJuuil
647 1110 678 1169 in
698 1109 805 1184 templo
825 1106 958 1167 Mauritii
975 1107 1048 1167 hora
1068 1111 1206 1167 consueta
1225 1107 1379 1169 decantata
1395 1111 1462 1165 sunt
1480 1105 1574 1163 cantica

424 1231 509 1277 sacra
521 1221 552 1275 et
564 1214 742 1289 potissimum
756 1229 821 1287 quse
835 1211 875 1273 ed
887 1207 1071 1271 animandum
1085 1209 1197 1287 plebem
1210 1210 1319 1271 christi
1336 1208 1368 1270 ln
1386 1208 1463 1269 hisce
1480 1213 1572 1281 tempo·

423 1319 504 1379 ribus
521 1318 662 1392 iacerent,
685 1318 778 1391 qualis
797 1322 854 1378 est:
876 1317 942 1377 Nisi
963 1317 1043 1377 Dens
1061 1322 1124 1376 arat
1142 1317 1173 1375 in
1192 1316 1288 1391 uobis,
1312 1316 1391 1375 dicat
1404 1330 1478 1374 nnnc
1489 1310 1575 1371 lsrael.

422 1424 498 1485 Item
519 1424 599 1483 Deus
619 1422 761 1497 refugium
784 1427 815 1481 et
833 1422 937 1497 draus,
969 1427 999 1481 et
1021 1423 1114 1481 oratio
1136 1420 1278 1481 dominica
1298 1419 1511 1493 paraphrastica
1531 1422 1575 1475 otc.

424 1524 537 1590 Deinde
550 1528 682 1587 minister
695 1527 821 1587 ecclesia
836 1544 890 1601 pro
905 1532 1042 1601 suggesta
1055 1530 1143 1599 caput
1160 1526 1200 1585 18
1216 1524 1348 1585 Matthaei
1362 1520 1500 1599 praelegit
1526 1518 1575 1579 lla·

422 1633 486 1693 bita
502 1632 605 1691 deiude
624 1629 802 1691 confessione
822 1631 939 1705 publica
958 1635 988 1689 et
1007 1630 1206 1691 obsecratione
1226 1645 1280 1702 pro
1300 1628 1449 1688 ordinibus
1468 1626 1577 1686 aceleda

422 1742 489 1812 ato,
511 1737 646 1812 posthoc
660 1735 689 1796 d
705 1752 741 1795 ex
758 1751 822 1809 cap.
845 1736 885 1793 15
899 1734 1022 1795 «Ioannis
1035 1736 1098 1795 hac
1110 1734 1201 1794 verba
1213 1734 1345 1807 repetiit:
1371 1732 1459 1791 «Non
1476 1730 1578 1805 posthac

420 1841 487 1901 dico
508 1857 561 1901 vos
582 1856 695 1914 seruos,
722 1840 792 1913 quia
812 1854 913 1898 servus
935 1840 1040 1913 nescit,
1066 1838 1140 1912 quid
1160 1837 1248 1899 ficiat
1267 1836 1400 1897 dominus
1423 1837 1493 1911 mus.
1530 1835 1578 1894 vos

348 1985 350 1989 ι
422 1949 521 2005 autem
541 1946 602 2005 dixi
620 1946 742 2019 amieos,
764 1945 835 2018 quia
853 1945 965 2018 omnia,
990 1960 1054 2016 quac
1074 1943 1172 2004 audiri
1192 1960 1228 2003 cx
1247 1948 1331 2017 patra
1350 1958 1429 2017 meo,
1452 1945 1517 2001 nota
1535 1937 1579 1998 ieci

421 2049 523 2110 uobis«
539 2054 594 2109 etc
621 2048 719 2109 Primo
732 2048 821 2121 igitur
834 2048 876 2107 ait
888 2048 920 2106 iu
933 2049 1098 2107 memoriam
1112 2048 1276 2108 revocanda
1290 2045 1492 2107 antecedentia
1507 2044 1579 2113 dica

421 2154 555 2213 mnirmn
571 2153 653 2227 quod
668 2149 798 2212 Obrimus
817 2151 935 2213 dixerit:
959 2154 1139 2227 Praeceptum
1158 2150 1225 2213 dedi
1244 2152 1326 2212 vobis
1347 2155 1380 2209 ut
1399 2147 1521 2225 diligatis
1538 2161 1580 2205 ros
1636 2224 1640 2239 Ι

421 2258 551 2333 invicem,
567 2263 598 2317 at
611 2256 689 2332 quod
703 2258 745 2319 eis
759 2274 791 2320 se
803 2258 898 2331 ipsum
911 2258 997 2333 huius
1011 2259 1149 2331 precepti
1162 2258 1322 2331 exemplum
1339 2256 1476 2331 praebens
1488 2251 1580 2325 nquit:

420 2361 502 2423 Sicut
514 2378 570 2437 ego
581 2360 673 2421 dilexi
689 2378 755 2438 vos,
779 2368 809 2423 et
828 2377 916 2435 qnam
935 2378 995 2423 non
1013 2362 1125 2438 vulgari
1143 2362 1297 2422 dilectione
1317 2376 1367 2421 cos
1385 2360 1532 2435 diligeret,
1553 2370 1582 2413 cx

421 2482 457 2527 eo
471 2472 582 2542 patere,
605 2468 684 2541 quod
703 2467 782 2542 dicit,
805 2469 943 2541 majmem
962 2468 1130 2529 charitatem
1152 2482 1237 2528 namo
1256 2466 1352 2540 habet,
1375 2480 1465 2539 quam
1483 2468 1515 2521 ut
1531 2458 1581 2520 ani

419 2587 497 2631 mam
510 2587 592 2631 suam
607 2571 656 2631 det
670 2588 724 2644 pro
738 2573 835 2631 amicis
850 2574 910 2631 suis
924 2576 980 2631 ete
1012 2572 1097 2643 Quod
1110 2573 1204 2646 ipsum
1223 2577 1254 2631 et
1271 2573 1334 2644 ipso
1348 2586 1440 2643 opere
1458 2564 1582 2643 postridie

419 2676 484 2748 u'us
497 2674 556 2735 diei
570 2675 714 2750 prestitit
744 2677 817 2735 Item
836 2675 915 2749 quod
933 2691 991 2735 non
1010 2675 1104 2735 solum
1123 2675 1269 2750 discipulis
1285 2674 1341 2735 sed
1360 2675 1446 2735 nobis
1465 2672 1582 2734 omnibus

416 2783 592 2853 preceptum
607 2779 756 2842 1111111111
770 2780 892 2841 dederit.
921 2782 993 2841 Item
1009 2780 1087 2855 quod
1104 2796 1162 2841 non
1182 2782 1220 2839 sit
1235 2778 1350 2839 difficile
1369 2785 1512 2855 praestare
1525 2775 1580 2835 cha

418 2884 548 2958 ritatem,
574 2882 703 2944 instruor
722 2883 853 2961 visitare,
882 2901 1004 2961 corpore
1025 2884 1118 2945 nodos
1140 2886 1260 2959 vedire,
1290 2884 1466 2943 esurientem
1485 2882 1582 2948 cibare

417 2988 565 3049 sitientem
578 2992 650 3061 potu
663 2986 836 3064 refocillare,
860 2994 890 3048 at
903 2990 930 3049 si
945 2990 1014 3063 quid
1029 2988 1169 3064 ejusmodi
1184 2990 1276 3049 simile
1295 2994 1348 3047 est.
1378 2990 1490 3047 Verum
1503 2983 1582 3047 omnl-

416 3090 473 3151 bus
485 3092 531 3151 bis
545 3092 637 3165 maius
651 3093 699 3166 sit
721 3093 845 3154 animam
858 3109 912 3169 pro
930 3096 1022 3154 amico
1037 3095 1176 3168 posuisse.
1206 3094 1278 3153 Item
1299 3093 1377 3167 qaod
1397 3095 1425 3153 si
1440 3094 1483 3151 sic
1496 3104 1582 3151 neccs-

415 3193 651 3257 marciniensis
666 3196 829 3258 clintune
843 3200 949 3274 exigat
973 3216 1010 3261 ue
1025 3205 1054 3259 et
1065 3214 1121 3257 nus
1138 3196 1247 3258 imitari
1258 3196 1408 3257 Glnistum
1428 3198 1461 3255 in
1475 3197 1530 3255 hoc
1542 3191 1583 3252 de·

416 3305 582 3361 nodemus.
613 3303 686 3361 Item
706 3304 757 3376 qui
769 3301 830 3377 fiat,
853 3308 887 3362 ut
901 3302 1031 3363 Christus
1050 3303 1188 3378 apostolis
1204 3301 1293 3361 dicat:
1318 3302 1447 3361 Posthac
1460 3316 1517 3361 nun
1531 3298 1592 3385 (lica¹

417 3421 470 3465 voa
483 3421 593 3480 servos,
616 3422 680 3465 cum
694 3412 792 3465 murco
805 3412 871 3480 post
883 3407 1125 3467 resurrectionem
1140 3411 1169 3466 at
1184 3408 1378 3465 ascensionem
1394 3406 1505 3466 Christi
1518 3405 1584 3463 Pau-

416 3508 465 3569 διε
477 3510 519 3571 de
532 3526 565 3571 se
578 3511 642 3585 ipso
656 3511 777 3571 scribotr
801 3513 909 3571 Paulus
927 3518 1046 3573 vocatus
1065 3511 1212 3587 apostolos
1226 3515 1256 3569 ot
1275 3526 1375 3569 servus
1389 3510 1465 3569 Jasu
1481 3504 1584 3568 christ.

416 3613 502 3675 siam
512 3630 569 3674 nco
582 3630 640 3675 nou
654 3616 782 3675 muas
796 3616 828 3673 in
842 3618 1010 3693 apocalypsi
1024 3617 1060 3676 de
1075 3632 1107 3677 se
1121 3618 1184 3690 ipso
1197 3616 1332 3688 loquens:
1347 3616 1480 3675 Joannes
1495 3625 1586 3673 serras

415 3719 490 3779 Jcsu
509 3717 620 3778 Qristi
637 3725 694 3779 etc.
732 3718 817 3779 Adde
835 3722 896 3795 his,
919 3718 998 3794 qood
1019 3720 1149 3780 Obrimus
1173 3720 1323 3794 apostolis,
1347 3735 1524 3793 quamquam
1544 3730 1585 3775 eos

415 3822 525 3882 micas
537 3824 659 3897 voment,
681 3828 826 3897 precepta
845 3825 968 3899 dederit,
991 3842 1055 3885 cnm
1074 3832 1172 3885 tamen
1193 3826 1351 3899 precipere
1369 3840 1432 3883 nou
1455 3826 1494 3885 sit
1512 3820 1587 3882 amici

415 3924 472 3985 aad
488 3925 608 3987 domini.
644 3927 704 3987 Sed
725 3928 800 3987 baua
820 3927 906 4003 hidas
926 3930 971 3989 rei
993 3930 1164 3991 solutionem
1177 3944 1249 3989 csse
1271 3930 1314 3989 ait
1327 3928 1495 4005 Masculus,
1518 3923 1587 4003 quod

417 4027 551 4098 cbristus
565 4031 710 4103 apostolos
725 4048 783 4091 uon
797 4049 895 4093 servos
910 4033 997 4095 dicat.
1027 4034 1086 4096 Sed
1096 4034 1229 4109 acautis
1248 4034 1306 4093 snt
1324 4039 1497 4107 peccatores
1511 4038 1538 4091 et
1551 4032 1587 4089 iu·

416 4130 493 4193 time
514 4135 601 4193 sortis
622 4134 763 4210 homines,
787 4140 884 4198 maren
904 4155 959 4212 pro
976 4139 1093 4214 amicis,
1117 4156 1175 4198 non
1197 4154 1251 4212 pro
1271 4139 1362 4197 serris
1384 4138 1527 4199 ducturus
1546 4135 1587 4194 sit

416 4239 551 4315 Exempli
566 4255 668 4312 causa,
692 4240 797 4313 siquis
815 4241 903 4301 bens
922 4242 1029 4303 lrabeat
1046 4260 1174 4318 servam,
1197 4242 1243 4301 cai
1262 4257 1299 4301 ax
1311 4242 1413 4301 ammo
1434 4243 1510 4303 bene
1527 4239 1589 4299 velit

413 4358 454 4403 ac
473 4344 557 4404 unice
577 4344 681 4419 diligat
698 4360 733 4403 ac
750 4344 793 4403 1111
812 4351 924 4407 secuda
943 4364 996 4409 saa
1014 4348 1178 4421 concredat,
1201 4362 1258 4405 nan
1278 4351 1418 4419 unquam
1438 4364 1523 4407 servo
1544 4342 1589 4404 sed

416 4452 453 4507 ut
465 4448 566 4523 amico,
588 4448 657 4508 licet
678 4464 778 4509 servus
794 4450 838 4509 sit
855 4456 912 4511 etc.
948 4452 1055 4515 Merito
1074 4457 1172 4513 autem
1190 4451 1291 4511 desum
1310 4450 1462 4511 dominum
1480 4452 1586 4517 runt

414 4552 475 4613 etsi
490 4552 549 4625 ipsi
566 4568 599 4612 se
614 4553 696 4627 ipsos
715 4570 815 4614 servos
835 4554 942 4631 dicant,
962 4555 1033 4616 licet
1052 4556 1089 4617 ab
1109 4540 1210 4617 eodem
1228 4555 1313 4614 amici
1332 4563 1486 4617 vocentur.
1523 4556 1589 4615 Nau

413 4658 533 4716 &mebi
547 4655 677 4717 Olnistns
695 4674 745 4719 eos
765 4658 873 4719 amicos
892 4658 966 4720 dixit
979 4666 1010 4720 ct
1029 4661 1137 4737 optimo
1149 4662 1214 4735 jnre
1233 4676 1297 4719 eam
1312 4659 1487 4733 dignitatmn
1502 4655 1588 4733 magui

415 4762 554 4822 momenti
573 4760 679 4822 ducere
701 4761 858 4837 debebant,
882 4782 941 4825 uon
960 4770 1057 4827 autem
1075 4764 1130 4825 hoc
1151 4764 1205 4825 sibi
1224 4764 1294 4837 ipsis
1309 4764 1452 4827 elatiores
1474 4764 1588 4827 evadere
