3700 5692
852 730 895 799 is

284 909 346 976 dur
358 909 440 980 ‚umbi
454 926 520 974 esse
532 911 565 974 in
578 911 723 976 auditorio
736 913 776 976 ob
787 914 893 986 multas
906 928 1010 977 musas
1024 929 1083 978 non
1097 912 1232 979 audebet.
1271 916 1355 981 Viam
1368 923 1466 982 emen

284 1033 390 1096 parare
407 1019 487 1096 apud
499 1019 719 1097 Mummium,
733 1021 889 1082 musitante
902 1021 998 1098 ipsum
1012 1020 1112 1099 Floro,
1128 1022 1241 1100 merit
1264 1023 1361 1088 Maior
1373 1025 1464 1091 iuter·

284 1126 407 1202 rogasit,
426 1141 496 1188 uum
510 1127 613 1188 mnam
628 1125 810 1190 dBucerum
823 1123 934 1189 messe.
962 1126 1110 1205 Respondi
1121 1128 1295 1206 nequidem
1310 1132 1464 1208 accepisse,

284 1235 381 1310 ipsum
393 1230 443 1297 bic
454 1229 554 1308 tuisse,
569 1231 621 1294 sed
633 1247 783 1294 reuersum
795 1230 1032 1308 Argentoratum,
1055 1233 1095 1295 st
1109 1233 1158 1296 ills
1173 1235 1223 1310 ait,
1239 1234 1335 1298 adhue
1348 1236 1397 1298 bic
1410 1236 1460 1298 de·

285 1340 328 1416 git
341 1343 374 1400 st
386 1352 490 1400 veser
503 1337 547 1398 iiii
559 1337 670 1400 nullam
682 1336 849 1400 nemmem
863 1337 989 1400 abeundi
1003 1355 1056 1417 per
1071 1339 1214 1403 Oasmem
1228 1343 1357 1406 concedi.

373 1443 517 1506 Melcbior
544 1442 680 1507 mnium
699 1443 792 1529 Harst
823 1444 978 1508 diensem
1001 1447 1195 1509 consiliarium
1217 1447 1297 1510 adiit.
1343 1447 1465 1512 Carolus

284 1550 373 1627 pacto
388 1554 456 1626 post
469 1548 656 1612 Atrebatsusi
669 1550 824 1612 adveutum
837 1553 974 1613 comitum
988 1552 1219 1616 Weldeceusium
1238 1555 1391 1631 indicavit,
1415 1555 1477 1630 qui

285 1670 353 1716 mox
365 1654 570 1731 interrogauit,
585 1671 654 1716 uum
667 1656 693 1717 is
708 1672 825 1732 quoque
838 1655 970 1736 adesse,
994 1661 1044 1734 qui
1058 1659 1201 1735 colloquio
1214 1660 1408 1722 ratisbonensi
1420 1662 1465 1720 iu·

285 1758 442 1824 teriuisset
459 1760 512 1822 Ait
526 1759 662 1824 Carolus:
679 1761 785 1825 Omnes
799 1764 850 1838 qui
863 1765 1027 1846 citetisunt
1042 1764 1160 1844 (nulius
1174 1779 1277 1828 nomen
1292 1763 1466 1842 exprimens>

285 1867 401 1930 adsum
437 1866 553 1929 Deinde
566 1866 655 1930 acus
668 1867 869 1940 Atrebatemis
888 1887 953 1932 cum
972 1887 1008 1934 eo
1022 1869 1173 1932 conferens
1191 1869 1264 1932 iniit.
1303 1871 1399 1947 Quare
1413 1870 1465 1933 do·

285 1975 355 2034 mini
368 1973 413 2034 tui
423 1974 548 2036 muime
561 1972 607 2033 bis
619 1973 797 2049 temporibus
811 1991 894 2037 mma
903 1977 1022 2054 capiunt
1033 1978 1064 2037 in
1078 1975 1269 2038 coloniensem
1280 1975 1466 2053 episcopum?

264 2115 268 2120 -
285 2077 446 2156 Respondit
460 2077 594 2142 Carolus:
610 2077 737 2141 Domine
751 2080 870 2156 presul,
886 2082 946 2144 atie
959 2079 1011 2145 fiet
1021 2080 1195 2146 informatio.
1218 2081 1308 2159 Bene,
1322 2082 1404 2159 bene,
1419 2083 1464 2143 in·

287 2186 352 2262 quit
364 2186 532 2262 spiscopus,
547 2199 666 2246 necem
679 2191 726 2246 est
740 2191 775 2246 ut
788 2201 821 2248 se
835 2192 1004 2262 expurgent

373 2289 422 2353 Ad
439 2295 550 2362 smum
569 2289 749 2352 coloniensis
772 2289 817 2370 (si
836 2286 981 2370 ereditur)
1000 2293 1061 2368 jam
1078 2291 1171 2357 iactus
1189 2293 1297 2356 amicum
1316 2291 1466 2357 adeundus

287 2393 732 2474 arat,seduiiiietectunest
1491 2429 1494 2444 ·

374 2502 456 2564 luter
473 2507 584 2567 mutam
604 2507 636 2562 et
647 2501 798 2577 septimum
818 2517 914 2564 comes
935 2502 1083 2566 aNassau
1103 2508 1134 2566 st
1146 2502 1292 2568 Adrianus
1311 2505 1465 2568 aZertncu

286 2612 514 2684 apportaverunt
528 2607 575 2687 (ut
587 2608 673 2684 suino
688 2606 800 2684 dicunt)
815 2610 954 2683 scriptum
969 2610 1164 2688 compromissi
1178 2612 1254 2674 iuter
1269 2609 1466 2674 coloniensem

287 2718 318 2778 et
328 2730 393 2791 uos,
404 2715 540 2790 jubentes
550 2713 582 2775 id
590 2715 710 2790 perlegi,
725 2730 784 2790 quo
798 2714 838 2776 ad
849 2716 988 2778 muudum
1003 2717 1090 2780 scribi
1104 2719 1195 2794 possit
1208 2723 1238 2780 ot
1252 2717 1354 2795 sigillis
1368 2732 1465 2780 corro-
1515 2751 1519 2754 ·

287 2821 400 2896 borari;
423 2817 502 2896 quod
520 2820 658 2897 scriptum
676 2836 764 2895 quam
782 2822 912 2897 iniquum
933 2828 965 2885 et
979 2823 1116 2885 eoerbum
1130 2822 1232 2902 inerit,
1255 2831 1376 2888 eventus
1397 2823 1465 2896 edo·

287 2928 377 3004 eois,
392 2926 446 2989 sed
460 2925 549 3006 (prob
564 2924 660 3002 dolor)
675 2928 773 2988 omnia
786 2928 873 2990 modo
889 2928 1057 2992 devoranda
1070 2936 1146 2993 sunt.

377 3032 438 3096 Sub
456 3040 587 3094 octavam
606 3030 713 3093 babes
732 3037 764 3094 et
777 3049 832 3109 ego
851 3032 931 3111 (uam
951 3036 1067 3099 Samuel
1086 3037 1203 3114 negotio
1222 3052 1255 3098 ss
1274 3035 1467 3098 intermittere

288 3136 393 3215 uetuit)
414 3124 630 3210 habitationem¹
642 3137 749 3199 domiui
762 3137 954 3220 Maximiiiaui
973 3142 1132 3206 archiducis
1147 3142 1274 3218 edimus,
1294 3141 1400 3203 ibidem
1415 3155 1464 3201 us·

288 3261 346 3322 qus
357 3244 397 3308 ad
410 3260 517 3308 nonam
530 3244 632 3306 boram
646 3249 846 3323 expectantem
866 3244 984 3308 eudem
999 3263 1104 3310 uenere
1119 3247 1317 3323 colonienses,
1333 3252 1363 3308 et
1376 3247 1407 3306 bi
1420 3247 1465 3308 in·

287 3351 415 3414 comimi
428 3356 496 3414 suut
509 3350 540 3410 in
553 3348 730 3417 auditorium
744 3355 775 3411 et
788 3351 875 3425 paulo
890 3356 957 3427 pcst
971 3367 1024 3412 nos
1037 3368 1091 3429 per
1105 3353 1256 3414 ostiarium
1270 3352 1347 3412 intro
1361 3351 1466 3412 sconti

287 3457 352 3519 Iliic
378 3456 612 3534 archiepiscopus
639 3456 811 3518 coloniensis
838 3473 893 3533 per
918 3455 1091 3518 advocmum
1121 3457 1264 3532 quendam
1291 3458 1322 3516 in
1343 3455 1467 3517 termino

287 3561 457 3626 mmmm
469 3562 585 3639 poeuale
599 3561 721 3637 produci
734 3559 819 3638 iecit,
834 3578 871 3623 ca
884 3567 981 3624 tamen
994 3563 1189 3640 mitigatione,
1205 3568 1238 3624 ut
1252 3564 1419 3635 testaretur,
1435 3575 1467 3622 se

287 3684 340 3747 spe
357 3669 522 3733 concordia
539 3669 673 3744 petib'oui
691 3668 868 3730 executionis
887 3669 974 3731 modo
993 3667 1197 3745 supersedens3
1220 3670 1246 3730 si
1265 3675 1363 3730 tamm
1381 3680 1468 3728 causa

288 3776 366 3838 iuter
377 3781 493 3854 partes,
514 3777 548 3836 ut
558 3773 619 3848 jam
632 3777 760 3850 emptum
773 3778 866 3850 esset,
886 3792 941 3851 per
960 3775 1088 3836 arbitros
1103 3780 1134 3837 et
1146 3777 1223 3838 viam
1237 3775 1284 3854 (ut
1296 3769 1467 3850 loquuntur)
1488 3858 1491 3864 Ι

289 3881 424 3944 suicide
436 3881 560 3956 maudei
573 3894 632 3942 nou
645 3885 749 3956 queat,
772 3895 806 3942 se
819 3884 989 3959 protestari,
1010 3884 1105 3958 ipsum
1119 3882 1174 3944 hoo
1187 3880 1264 3944 iacto
1276 3881 1337 3958 iuri
1352 3897 1404 3942 suo
1419 3893 1465 3941 ee·

288 3985 359 4050 dere
372 3986 465 4063 nolle,
486 4001 607 4063 rogans,
630 3991 664 4048 ut
676 3985 741 4048 hsce
759 3986 802 4047 ita
820 4003 874 4062 per
893 3987 1003 4050 scribas
1023 3994 1242 4051 cunctarentur.
1280 3985 1424 4050 Prasides
1439 3988 1469 4048 et
1490 3977 1504 4000 ⁸

287 4091 573 4155 muntiumtaeeita
586 4091 692 4154 ascdbi
705 4092 1025 4169 etsigumijusseruut.
1048 4093 1096 4156 Ad
1108 4095 1172 4155 haec
1185 4095 1323 4172 magister
1331 4092 1468 4156 Liboriu's

289 4196 395 4262 iberus
415 4195 497 4276 (uam
516 4197 605 4260 etun
625 4197 754 4258 memmei
773 4215 833 4262 uon
850 4198 1010 4276 potuimus)
1029 4199 1163 4263 brevibus
1183 4198 1347 4278 respondit,
1370 4204 1401 4260 et
1415 4211 1469 4258 nos

288 4303 459 4393 obedientes
483 4288 653 4380 comparere
673 4304 705 4364 in
723 4304 861 4381 termino,
883 4321 920 4366 ao
938 4310 1127 4381 posteaquem
1153 4304 1318 4370 coioniemi
1341 4302 1383 4364 sic
1403 4301 1466 4378 pla·

288 4411 397 4488 cuerit,
421 4426 477 4473 nos
495 4410 573 4474 idem
591 4411 723 4488 recipere
741 4425 806 4472 cum
828 4413 1053 4488 protestatione,
1077 4412 1102 4472 si
1124 4412 1271 4488 negotium
1289 4425 1343 4485 per
1361 4407 1469 4468 amicos

287 4516 413 4594 mpnsigi
425 4533 486 4580 non
499 4517 600 4594 possit,
616 4522 650 4579 ut
663 4522 694 4578 et
707 4516 791 4578 uobis
800 4517 863 4592 iuri
877 4498 978 4580 uosmo
992 4522 1072 4579 stare
1086 4517 1209 4578 liberum
1222 4514 1308 4591 ieret,
1323 4512 1411 4589 idque
1426 4513 1468 4574 sie

287 4622 399 4700 signari
413 4621 576 4697 petivimus,
599 4622 654 4684 His
667 4623 792 4698 peractis
806 4624 943 4699 numque
956 4623 1105 4699 paululum
1118 4621 1262 4702 abcedere
1270 4620 1345 4696 jussi
1359 4634 1465 4682 sumus.

377 4727 529 4805 Abieffltis
544 4728 633 4804 igitur
646 4727 864 4792 coloniensibus
877 4745 931 4792 nos
944 4727 1071 4790 revocati
1084 4727 1169 4790 stibi
1183 4743 1237 4804 per
1247 4723 1468 4803 Mmqucrdum,

287 4835 340 4912 qui
354 4840 422 4899 erat
435 4835 497 4900 dux
511 4831 604 4912 serbi,
622 4834 738 4898 nomine
751 4834 916 4904 audierunt
930 4835 1037 4904 &mm
1051 4840 1105 4898 est.
1127 4834 1212 4912 Quod
1225 4833 1264 4900 ud
1277 4848 1378 4900 esses
1391 4833 1470 4894 inter
