3700 5692
864 757 912 823 57

318 1011 323 1015 ,
389 940 502 1002 Eadem
523 940 581 1001 duo
600 941 700 1001 nescio
722 943 806 1016 eujus
827 941 1002 1004 conditionis
1027 943 1157 1006 homines
1180 943 1236 1002 lroc
1258 945 1416 1004 conamine
1439 943 1475 1004 de

298 1049 403 1110 brasio
422 1047 642 1119 contendentes,
664 1052 698 1106 ut
718 1065 792 1107 uuus
813 1065 869 1108 oro
890 1050 1014 1110 ducenta
1035 1053 1163 1110 recentia
1183 1067 1242 1110 non
1263 1056 1359 1123 cocto,
1383 1051 1425 1110 ite
1445 1050 1475 1108 in

299 1153 404 1213 ordine
422 1153 575 1227 disposita,
601 1157 636 1212 ut
656 1153 771 1227 singula
793 1155 904 1214 cubitos
927 1156 1000 1215 duos
1021 1157 1058 1216 ab
1079 1157 1199 1216 inuicem
1222 1156 1348 1230 seposita
1369 1162 1474 1230 essent,

300 1277 337 1320 ac
347 1261 425 1318 alter
434 1259 607 1318 certantium
618 1275 704 1318 ovum
716 1264 880 1334 postorum
895 1276 913 1319 u
927 1261 1020 1334 primo
1035 1262 1074 1321 ad
1088 1261 1218 1322 ultimum
1230 1277 1380 1320 recurrens
1393 1277 1474 1334 spor·

300 1366 372 1434 tplae
387 1366 557 1438 imponeret,
579 1377 684 1423 cavens
698 1381 736 1423 ne
755 1365 844 1423 ullum
859 1366 1022 1426 lederetur.
1061 1367 1137 1426 Nem
1156 1367 1181 1426 si
1201 1367 1321 1442 alicujus
1340 1371 1475 1440 putamen

300 1469 481 1530 contractum
495 1466 606 1543 fuisset,
626 1470 690 1542 J'om
703 1475 799 1529 ectum
814 1476 879 1530 erat
893 1471 930 1532 de
950 1472 1059 1532 brevio.
1090 1472 1173 1530 Alter
1191 1488 1261 1532 vero
1279 1474 1357 1531 intra
1375 1457 1478 1532 horem

302 1581 334 1636 et
347 1580 481 1650 quartam
494 1574 576 1632 lore
590 1579 703 1647 partem
718 1575 821 1636 urbem
835 1583 919 1636 extra
933 1579 1040 1638 moenis
1055 1578 1259 1637 circumitaret.
1291 1578 1365 1636 Mihi
1380 1585 1476 1638 autem

302 1683 456 1754 incertum,
479 1683 660 1739 utereorum
673 1681 784 1738 vicerit.
991 1665 1002 1690 ⁸

392 1784 504 1844 Fndem
525 1784 648 1859 Hispani
665 1789 696 1843 et
715 1784 948 1863 Burgundiones,
973 1789 1021 1862 qui
1043 1795 1110 1848 ante
1130 1789 1292 1862 meridiem,
1315 1794 1347 1847 ut
1369 1789 1475 1847 dictum

301 1896 362 1965 est,
386 1896 543 1962 suspensm
563 1895 641 1963 eret,
663 1891 779 1965 ipsimet
798 1892 835 1952 de
855 1892 1169 1968 partulodepositum
1187 1892 1296 1954 feretro
1317 1895 1476 1954 holoserico

301 2002 437 2056 contecto
456 1998 621 2070 imponunt,
644 1997 791 2056 monachis
811 2003 841 2056 et
862 1996 1029 2056 sacrificulis
1048 1999 1087 2058 sd
1106 2003 1258 2073 utrumque
1276 1998 1388 2058 funeris
1401 1999 1476 2058 lstm

301 2101 440 2162 ardentes
453 2115 552 2159 cereas
562 2100 754 2176 portantibus,
764 2118 822 2161 uno
836 2103 1024 2176 vespillonum
1038 2106 1149 2178 pertica
1161 2104 1247 2178 longe
1259 2103 1351 2162 erneis
1364 2105 1476 2177 signum

302 2223 394 2283 super
417 2207 564 2266 lucernam
582 2211 714 2281 gestante
732 2213 763 2267 et
780 2213 939 2283 preeunte,
962 2225 1015 2269 suo
1034 2224 1116 2268 more
1134 2215 1221 2269 terras
1236 2208 1370 2268 condunt.
1401 2209 1475 2266 Nem

303 2311 384 2389 apud
398 2312 477 2387 ipsos
491 2310 584 2371 iurari
597 2313 712 2385 piaculo
725 2330 784 2373 nou
798 2313 920 2373 ducitur.

394 2417 519 2478 Domine
532 2416 622 2491 Deus,
644 2433 758 2493 mugne,
781 2421 906 2494 sepiens,
929 2420 1080 2480 miserator
1097 2429 1128 2480 et
1143 2421 1230 2493 juste,
1253 2420 1297 2478 tui
1316 2427 1346 2478 et
1363 2420 1429 2478 coeli
1446 2425 1477 2480 et

303 2525 386 2586 orbis
406 2529 551 2584 terrarum
568 2529 649 2597 suut,
672 2526 786 2598 tuisque
805 2540 889 2584 omne
908 2526 1001 2584 solum
1021 2527 1116 2600 petria
1136 2532 1189 2585 est.
1226 2526 1266 2584 Et
1286 2531 1393 2599 preter
1414 2524 1476 2582 hec

303 2633 394 2692 ιιιίιιιιι
407 2629 508 2690 orbem
526 2633 672 2689 terrarmu
689 2645 744 2703 per
761 2630 891 2689 homines
909 2631 1055 2704 sopientes
1070 2632 1100 2689 in
1115 2633 1241 2705 climate,
1264 2647 1362 2705 regne,
1385 2629 1475 2703 dyna-

302 2738 376 2796 stiss
391 2741 422 2795 et
440 2735 567 2795 dominia
585 2739 644 2794 ture
661 2733 766 2795 divinte
780 2737 930 2808 sapientie
947 2734 1100 2810 disponere
1118 2737 1235 2811 placuit.
1268 2735 1408 2808 Quoniam
1422 2737 1475 2810 igi-

301 2849 353 2902 tur
370 2841 441 2900 mili
458 2841 578 2916 indiguo
600 2845 631 2899 et
651 2839 763 2900 misello
779 2841 823 2900 tui
841 2842 921 2901 orbis
941 2842 1049 2900 terreni
1068 2843 1276 2914 pomiunculnm
1294 2843 1420 2914 aliquem
1439 2839 1477 2900 de

302 2947 477 3008 liberalitate
489 2952 543 3006 tus
561 2945 778 3020 gubernandam
796 2946 939 3022 impartiri
959 2945 1093 3020 dignutus
1113 2963 1153 3020 es,
1177 2953 1206 3006 te
1224 2963 1277 3021 per
1296 2962 1368 3018 eum,
1392 2961 1476 3019 quem

303 3069 360 3128 pro
374 3053 458 3112 nobis
470 3053 615 3112 victimam
628 3050 693 3111 fieri
707 3051 823 3112 voluisti
837 3067 980 3125 quemque
994 3053 1108 3110 unicum
1125 3052 1311 3114 meditorem
1332 3057 1360 3110 et
1374 3056 1476 3111 testem

302 3157 397 3218 reniae
418 3162 487 3217 ante
504 3162 537 3217 te
557 3163 670 3233 patrem
691 3159 832 3216 aetermm
850 3157 952 3215 iesum
973 3155 1117 3216 chrismm
1137 3157 1249 3231 dedisti,
1274 3157 1423 3231 deprecor,
1444 3161 1478 3215 nt

302 3264 385 3340 opud
398 3264 577 3339 principatus
591 3264 677 3337 letius
691 3263 780 3322 seculi
792 3262 925 3337 matam,
949 3263 1023 3321 citro
1039 3267 1136 3322 tamen
1155 3264 1277 3322 nominis
1296 3266 1340 3321 tui
1353 3262 1477 3322 dedecus

303 3378 336 3432 ct
350 3371 485 3430 anirquae
504 3385 577 3429 mee
596 3369 763 3445 periculum,
786 3370 930 3429 inveniam
948 3370 979 3426 in
998 3373 1161 3441 terramque
1180 3373 1308 3427 nostram
1328 3373 1477 3427 revertens

302 3478 493 3551 vocationem,
517 3492 576 3549 qus
588 3491 636 3534 ms
650 3463 768 3546 vocasti,
791 3474 845 3533 tibi
858 3475 967 3533 servire
985 3471 997 3508 ¹
1012 3489 1134 3546 queem,
1154 3473 1220 3533 Fiat
1233 3479 1330 3532 antem
1344 3473 1477 3532 voluntas

302 3590 357 3643 tua
368 3584 448 3643 bona
462 3587 493 3642 et
506 3587 615 3653 meta,
638 3582 736 3641 veniat
755 3594 875 3654 regnum
894 3585 975 3638 mum
994 3577 1162 3654 perfectum,
1186 3583 1286 3639 contra
1306 3559 1384 3650 quod
1403 3593 1477 3636 nunc

303 3689 377 3748 einis
391 3693 423 3748 et
435 3694 515 3747 terra
528 3691 588 3746 tam
603 3686 727 3761 superbe
740 3685 872 3760 insurgit.
903 3685 1012 3744 Panem
1031 3685 1111 3744 verbi
1129 3684 1166 3745 ds
1182 3691 1210 3742 et
1224 3684 1364 3758 corporis,
1379 3689 1477 3758 patres

302 3797 397 3857 bonos
414 3795 523 3868 largire
540 3798 573 3854 ct
592 3791 722 3852 subditos
740 3806 833 3852 serva
864 3791 909 3850 Sit
932 3790 986 3850 tibi
1004 3806 1075 3850 curs
1094 3790 1240 3850 uxorculoe
1258 3795 1288 3848 et
1301 3787 1407 3849 filiole.
1439 3789 1478 3848 Et

304 3901 442 3976 quonism
460 3898 568 3973 omnio,
593 3913 658 3973 que
676 3898 753 3956 iuste
771 3900 915 3972 premunt,
939 3895 978 3956 ob
996 3895 1207 3956 multitudinem
1225 3901 1408 3970 peccatorum
1425 3913 1477 3956 no

303 4012 432 4068 utrorum
450 4005 586 4078 patimur,
609 4002 721 4064 dimitte
739 4001 824 4062 nobis
844 4002 942 4062 debita
959 4002 1118 4075 nostra‚·si
1137 4001 1251 4075 quidem
1272 4009 1308 4066 et,
1321 4019 1373 4062 nos
1393 4002 1435 4080 (id
1448 4009 1478 4062 te

305 4108 446 4185 donante)
466 4109 638 4168 remittimus
657 4108 835 4168 debitoribus
856 4107 972 4167 uostris.
1009 4107 1049 4166 Et
1067 4122 1104 4166 ns
1124 4124 1177 4168 nos
1195 4106 1314 4166 inducas
1333 4109 1363 4167 in
1382 4114 1478 4168 enta·

305 4220 424 4291 tionem
447 4215 503 4274 lroe
520 4221 575 4289 est,
599 4230 617 4275 o
635 4221 728 4290 pater,
752 4229 788 4272 ne
808 4228 862 4271 nos
880 4213 964 4272 nobis
982 4213 1123 4287 relinque,
1147 4229 1183 4272 ne
1202 4214 1377 4288 postliminio
1396 4229 1478 4271 mun-

305 4323 368 4398 dus,
393 4337 463 4380 earo
482 4326 513 4380 et
530 4326 677 4381 veremur
694 4319 878 4394 illescrpens
896 4319 1006 4379 Sethsu
1021 4335 1040 4378 a
1053 4317 1113 4378 lilio
1128 4324 1178 4377 tuo
1195 4319 1308 4390 devicti,
1332 4317 1412 4374 nobis
1427 4317 1477 4376 do

306 4430 463 4488 minentur.
494 4425 554 4486 Sed
570 4425 663 4486 libera
680 4440 733 4484 nos
752 4442 771 4484 e
790 4425 875 4498 malo,
898 4423 981 4484 ouier
1001 4425 1148 4483 tristitiem
1166 4423 1296 4481 inutilem
1317 4425 1346 4479 et
1359 4421 1397 4480 ds
1410 4437 1477 4480 cou-

307 4535 455 4594 tritionem
469 4525 580 4606 veram,¹
600 4546 738 4605 spemque
750 4530 873 4605 fidelem,
897 4530 1011 4603 etquis
1031 4528 1067 4588 de
1087 4527 1134 4588 die
1154 4527 1184 4585 in
1205 4525 1280 4586 diem
1298 4532 1430 4600 temporo
1448 4527 1480 4584 in

308 4639 393 4716 pejus
410 4642 550 4711 vergunt,
578 4635 699 4711 largire,
721 4651 740 4696 o
759 4636 887 4710 domine,
910 4650 970 4712 quo
989 4647 1019 4694 te
1040 4637 1159 4692 nocente
1183 4635 1315 4706 prompte
1337 4637 1367 4690 et
1388 4618 1480 4690 auidis

888 4769 905 4802 t

383 4861 397 4907 1
415 4857 430 4905 i
447 4868 561 4906 urum
