3700 5692
402 923 404 927 ’
503 927 539 1001 Ii.
556 938 666 1017 Vrglin
682 928 833 1001 comitates
847 940 988 1002 Waldcck
1008 946 1073 1002 octo
1093 956 1157 1003 esse
1180 941 1319 1018 oppidula
1333 946 1363 1003 et
1377 958 1439 1017 qna
1454 940 1565 1005 exiisse

414 1046 534 1121 quisque
548 1046 682 1107 comitum
696 1051 818 1119 tenent,
833 1048 923 1107 novit.
961 1047 1155 1121 Interrogavit
1168 1063 1284 1122 qnoque
1300 1048 1450 1123 Eubulum,
1466 1050 1509 1122 qui
1519 1048 1560 1107 ic

412 1155 459 1209 ret
472 1156 506 1210 nt
519 1151 605 1210 modo
617 1152 648 1209 in
668 1166 736 1211 arce
750 1150 891 1210 Waldcck
910 1152 1162 1211 commorationem
1181 1168 1262 1211 snam
1283 1168 1343 1213 nan
1356 1154 1489 1226 haband,
1507 1154 1563 1211 ilem

413 1256 544 1329 quisnam
561 1256 617 1315 bac
638 1260 725 1315 aetate
745 1272 809 1315 cam
829 1256 980 1315 comitatus
995 1262 1106 1330 partem
1126 1257 1282 1333 obtineret,
1307 1274 1393 1332 quam
1408 1258 1472 1319 olim
1485 1272 1563 1317 comm

413 1362 482 1422 octo
497 1362 629 1421 obtinuit.
652 1361 720 1421 lion
734 1362 851 1435 quidem
866 1362 904 1421 ds
917 1360 1010 1421 fratre
1024 1366 1125 1421 nostro
1140 1376 1277 1435 germano
1291 1363 1348 1437 piae
1363 1364 1510 1437 memoria,
1521 1361 1563 1420 sed

412 1463 449 1526 dc
463 1482 499 1525 eo
514 1465 629 1540 Ottonc,
647 1466 697 1538 qni
711 1466 742 1523 in
755 1464 964 1539 Wettcrbnrga
977 1464 1137 1541 habitabat,
1153 1466 1342 1541 loquebatur,
1363 1470 1413 1541 qui
1426 1466 1564 1528 musonium

411 1570 550 1630 heredem
565 1587 623 1630 nou
637 1570 805 1644 reliquerat.
828 1570 869 1628 Et
883 1586 948 1629 cum
961 1570 1171 1645 respondissem
1186 1572 1343 1633 Waldeciae
1359 1574 1397 1634 ob
1412 1574 1565 1648 oppignore·

411 1673 457 1734 to's
476 1670 607 1734 redditas
629 1691 688 1748 per-
699 1690 853 1735 novercam
880 1692 938 1735 non
960 1680 1154 1735 mactantem
1176 1683 1382 1752 proventuum,
1409 1693 1463 1752 quo
1476 1692 1563 1753 perpe·

411 1787 491 1840 tuam
505 1779 711 1839 habitationem
724 1781 790 1840 istic
803 1779 913 1840 babere
928 1796 1051 1854 possem.
1074 1780 1120 1839 lle
1134 1780 1272 1841 derelicta
1286 1780 1456 1843 baeredltate
1467 1782 1566 1842 odonis
1621 1775 1623 1782 ’

411 1896 478 1943 c'nrn
490 1886 576 1945 latins
590 1901 649 1944 uon
663 1885 866 1960 interrogaret,
883 1890 912 1944 et
924 1885 988 1959 ipse
1003 1886 1119 1945 obticni.

499 1989 565 2049 Jam
578 1991 666 2049 tertio
680 2006 729 2048 ros
742 1991 901 2049 immutata.
939 1989 1014 2049 Nam
1029 1988 1115 2050 Seldo
1126 1992 1188 2065 jem
1203 1997 1233 2051 ct
1250 1992 1475 2067 recognitionem
1489 1998 1515 2051 et
1527 2006 1568 2049 car

410 2094 610 2169 pitulstionem
625 2095 751 2155 describi
762 2109 866 2153 curare
880 2094 1041 2167 iniunctum
1055 2100 1109 2155 est.

498 2198 575 2258 llum
589 2199 678 2258 modo
688 2199 752 2258 lraec
765 2198 852 2259 modo
866 2199 916 2258 ida
930 2198 1009 2273 mibi,
1032 2216 1098 2273 (prae
1111 2200 1145 2259 ln
1157 2216 1293 2260 emsarom
1308 2202 1502 2273 commiserim,
1520 2200 1567 2257 im·

409 2309 595 2381 putarentur,
620 2304 738 2365 undem
760 2310 824 2365 erat
845 2306 895 2377 qui
908 2320 946 2363 ex
959 2305 1060 2364 aulicis
1074 2305 1254 2380 magnatibm
1269 2304 1408 2365 rimam
1422 2306 1516 2381 menos
1529 2302 1566 2363 ei·

409 2406 520 2483 intiret,
536 2409 757 2483 impundm
770 2423 818 2468 me
832 2409 980 2483 quondam
993 2424 1060 2467 cuna
1071 2412 1176 2469 comite
1187 2410 1339 2470 Friderico
1355 2408 1567 2479 alinrstenberu

409 2510 578 2573 montona
592 2515 622 2571 in
637 2514 780 2587 esdopuio
794 2513 953 2587 habuisses
969 2528 1037 2572 esus
1057 2530 1119 2574 nom
1130 2514 1275 2575 minimam
1289 2530 1370 2573 nme
1380 2530 1444 2575 esse
1458 2518 1565 2589 partem,

410 2618 488 2692 quod
500 2618 605 2677 malam
620 2619 742 2691 mabam
756 2618 939 2692 imperatoris
953 2617 1115 2678 inciderim,
1149 2619 1220 2678 liceo
1234 2624 1330 2678 numm
1349 2617 1519 2679 comertatio
1531 2615 1566 2673 sic

409 2736 442 2781 se
454 2721 552 2781 habet
590 2720 662 2780 Cum
685 2738 767 2780 anno
780 2720 938 2781 salutiferae
958 2723 1162 2797 redemptionis
1186 2730 1293 2783 nostros
1317 2724 1403 2783 1546
1415 2725 1495 2798 iussn
1507 2719 1566 2779 Pli-

408 2826 481 2902 lippi
495 2825 644 2886 (lattornm
664 2826 800 2899 princip'm
824 2833 855 2885 st
872 2826 916 2886 ab
930 2828 1041 2901 aliquot
1062 2826 1209 2888 ordinibus
1225 2828 1342 2902 imperii
1352 2828 1396 2889 ad
1408 2826 1566 2901 coloquium

409 2932 448 2992 ds
461 2930 666 2991 controversiis
685 2932 716 2989 in
736 2930 877 3004 religione
900 2947 947 2991 me
967 2931 1058 2992 invito
1073 2937 1103 2991 et
1116 2939 1297 3006 repugnante
1311 2934 1409 2993 animo
1423 2934 1454 2993 in
1467 2930 1568 2991 auditc‘

324 3079 328 3084 -
409 3052 472 3096 rem
487 3036 646 3096 destinatus
661 3051 767 3109 essem,
787 3052 822 3095 ac
837 3036 905 3095 dum
921 3038 958 3095 iu
973 3038 1145 3097 mantione
1163 3052 1261 3096 rerum
1281 3038 1312 3097 in
1336 3036 1423 3098 domo
1437 3029 1567 3098 sensuris

409 3143 440 3203 io
454 3142 591 3218 penitiori
604 3142 808 3216 bybernacnlo,
824 3142 875 3201 ubi
887 3138 1043 3201 Mauritius
1058 3140 1096 3200 ab
1110 3141 1224 3201 Hntten
1235 3144 1389 3217 episcopus
1402 3142 1569 3202 Eicbstaten·

410 3248 450 3307 sis
465 3228 495 3308 ct
508 3248 673 3307 Fn'dericns
688 3264 782 3309 comes
796 3263 814 3306 a
828 3246 1033 3321 Fmstenberff
1041 3244 1172 3307 dominns
1186 3235 1217 3305 in
1231 3246 1420 3323 Helpcnberg
1439 3234 1473 3307 et
1486 3242 1571 3305 nnio

409 3354 525 3428 gratim
538 3352 569 3411 in
584 3352 644 3411 Bar
657 3368 791 3413 casareae
804 3353 967 3425 mumistia
978 3352 1093 3411 nomine
1107 3352 1323 3427 praescissent,
1343 3368 1379 3412 ac
1393 3350 1514 3413 verbalis
1526 3362 1568 3405 m-

408 3454 504 3524 ltatio
516 3459 594 3517 inter
608 3456 637 3517 d.
651 3457 812 3517 Murtinnm
825 3457 969 3517 Bucernm
984 3473 1020 3517 ex
1034 3457 1141 3516 nmtris
1156 3456 1378 3516 ocllaoutoribns
1393 3462 1424 3517 et
1439 3438 1569 3516 dominum

408 3563 527 3622 Petrum
542 3556 742 3639 abstinenda,
754 3564 975 3636 οιιιοείςοοιιιω
987 3562 1192 3635 papisticorum
1206 3562 1267 3621 siaa
1276 3560 1322 3639 (ut
1335 3562 1392 3634 ipsi
1406 3559 1503 3621 vocari
1514 3570 1569 3615 mao

281 3711 285 3719 -
408 3665 519 3743 labent)
535 3684 725 3727 caesareorum
739 3668 944 3728 collocutorum
958 3664 1118 3738 incidisset,
1132 3665 1236 3725 Petrus
1252 3664 1441 3725 aMalvenda
1454 3664 1496 3723 sic
1514 3660 1571 3719 iere

408 3769 492 3847 loqui
508 3788 630 3833 exorsus
649 3778 712 3832 est:
738 3773 808 3848 Epo
822 3773 905 3833 nobis
929 3770 1081 3847 perspicue
1108 3775 1139 3829 et
1164 3768 1384 3829 euidentissimis
1405 3762 1571 3843 srgnmemb

409 3883 536 3937 vestram
549 3874 645 3951 fidem,
661 3893 747 3950 qnam
760 3893 812 3937 ros
826 3874 987 3951 somniatis,
1004 3892 1062 3935 non
1073 3872 1175 3934 liaberi
1189 3875 1221 3933 in
1232 3875 1378 3949 scriptura
1387 3881 1570 3945 necunquam

410 3981 574 4057 sponium
588 3982 752 4056 cogitatam,
772 3979 824 4041 sed
839 3997 903 4043 esse
916 3996 1021 4040 ranam
1041 3982 1258 4056 persuasionum
1274 3994 1328 4039 noc
1342 3978 1458 4054 qnidam
1472 3981 1530 4037 osse
1541 3972 1570 4031 in

392 4097 508 4147 «rmum
521 4089 641 4158 natura,
657 4085 868 4146 demonstrabo.
890 4086 945 4145 His
960 4085 1144 4146 atrffisrimis
1158 4085 1343 4159 blasphemiis
1356 4082 1487 4145 Eubulus
1501 4093 1569 4140 eom*

397 4195 504 4251 *motus
518 4204 573 4249 nec
586 4188 713 4263 linguatu
727 4206 781 4249 nec
794 4185 919 4250 animum
934 4192 1086 4251 continere
1096 4191 1204 4267 patuit,
1220 4191 1273 4251 sed
1289 4190 1357 4265 »δὴ
1372 4189 1474 4263 inquit,
1494 4186 1570 4245 anto

409 4296 570 4369 principum
585 4301 615 4355 ct
628 4299 755 4355 ominum
778 4301 947 4355 nostrarum
963 4294 1108 4370 impendo
1131 4296 1179 4354 hic
1192 4294 1229 4354 dc
1243 4312 1303 4355 una
1318 4294 1504 4370 persuasione
1516 4284 1571 4360 ad-

408 4405 467 4471 tur,
483 4400 558 4460 male
571 4399 716 4460 adsumus.
739 4400 783 4459 Ac
795 4416 863 4459 mox
877 4399 916 4460 ad
930 4398 1112 4461 Friderbnrn
1132 4400 1278 4474 comitans,
1299 4414 1383 4473 quom
1397 4398 1454 4458 sibi
1466 4392 1568 4468 qoiaet

408 4504 472 4580 ipsc
486 4520 582 4565 comes
596 4510 673 4565 esset
686 4505 725 4565 sd
742 4504 799 4564 boc
811 4503 989 4580 Germanus,
1011 4504 1058 4565 cui
1071 4520 1120 4565 ras
1134 4502 1296 4564 Germaniae
1315 4504 1380 4579 plns
1394 4496 1567 4576 episcopiset

409 4609 516 4668 exteris
528 4608 690 4669 bominibus
705 4609 785 4669 cordi
799 4625 863 4669 esse
878 4610 960 4685 (licet
972 4610 1004 4669 in
1022 4608 1078 4668 boo
1091 4607 1182 4669 falsus
1196 4606 1249 4684 sit)
1262 4608 1395 4682 putabat,
1418 4611 1569 4665 sermonem

410 4718 593 4785 convertens,
617 4730 652 4775 eo
675 4714 753 4789 quod
773 4715 850 4775 idem
863 4714 1030 4774 Fridericus
1044 4729 1105 4773 non
1120 4729 1156 4772 ex
1171 4714 1347 4787 omniparis
1361 4713 1466 4785 lingum
1480 4706 1566 4767 lsdnae

409 4831 519 4890 unsrun
532 4819 681 4893 amoro,
702 4820 865 4895 gemamus
884 4818 1054 4882 conveniens
1073 4818 1133 4881 ait:
1152 4816 1305 4893 schneger
1319 4816 1397 4880 eund
1411 4810 1481 4877 herr
1495 4802 1573 4871 orat
