3700 5692
958 716 1020 781 184

404 900 510 961 velavit
523 900 578 959 tibi
590 905 645 958 etc.
683 898 767 956 Licet
787 897 863 955 enim
883 898 1014 971 quoadie
1035 896 1184 961 audiamus
1199 895 1235 957 de
1250 896 1372 973 Christo,
1389 899 1502 974 spiritus
1514 914 1557 959 aa·

403 1011 462 1065 tem
486 1010 601 1065 mactus
623 1005 702 1063 intra
724 1001 885 1075 penetralia
906 1001 1001 1061 cordis
1024 1004 1116 1063 nostri
1136 1017 1194 1062 non
1212 1006 1392 1076 cooperetur,
1415 1020 1502 1065 vanas
1522 1010 1560 1063 est

406 1111 499 1169 omnis
513 1113 612 1169 noster
625 1108 717 1167 labor.
748 1104 912 1165 Verendum
927 1122 1050 1181 qaoque,
1067 1107 1145 1181 qaod
1158 1108 1236 1167 inter
1250 1122 1304 1167 aas
1320 1108 1379 1167 siat
1393 1108 1442 1181 qai
1455 1106 1505 1167 sab
1518 1124 1558 1167 re·

403 1214 539 1274 cleantem
552 1213 694 1287 evangelii
718 1211 878 1271 doctrinam
897 1215 929 1270 et
942 1216 1111 1272 coruscante
1132 1213 1194 1285 ejus
1213 1212 1277 1271 lace
1299 1227 1405 1271 noram
1418 1216 1558 1271 asaneu-

402 1323 464 1377 tam
478 1318 610 1391 legerant
624 1323 654 1377 et
667 1317 836 1390 audierant,
857 1316 907 1386 qai
921 1316 1046 1388 psalmos
1068 1316 1271 1390 decantarunt,
1293 1314 1345 1375 scd
1367 1314 1491 1376 nondam
1508 1318 1561 1375 hac

401 1421 489 1482 corde
503 1426 705 1496 perceperant,
721 1420 751 1479 hi
765 1423 901 1491 instante,
916 1425 950 1479 ιιι
963 1437 1040 1479 nanc
1055 1419 1103 1495 fit,
1120 1422 1319 1495 persecutione
1333 1436 1433 1479 mora
1451 1419 1504 1479 fide
1517 1419 1560 1479 de-

405 1527 538 1587 sciscunt.
562 1527 637 1585 Nam
651 1526 681 1584 in
696 1542 764 1586 vere
778 1523 982 1585 confitentibus
998 1523 1142 1585 Christum
1156 1542 1215 1585 aon
1230 1533 1275 1585 est
1288 1526 1407 1598 spiritus
1423 1526 1562 1585 &sensio

402 1631 458 1705 nis,
473 1629 527 1691 aed
539 1631 572 1691 hi
585 1632 682 1705 potius
696 1646 793 1690 amore
808 1630 939 1690 veritatis
954 1634 1139 1691 contemnant
1149 1628 1309 1703 lacuatates,
1324 1646 1453 1704 morem,
1468 1630 1562 1689 liberos

404 1741 435 1794 et
449 1736 546 1793 ιίιιιιιι.
584 1735 682 1795 Donet
702 1735 786 1795 nobis
800 1735 880 1794 Dens
895 1735 1098 1809 constantiam,
1121 1739 1154 1794 ιιι
1168 1736 1232 1793 haec
1245 1736 1275 1793 in
1290 1734 1377 1794 corde
1391 1734 1496 1795 mando
1509 1750 1561 1792 ser-

402 1854 481 1914 vare,
496 1854 554 1911 qao
568 1836 693 1898 fractam
706 1839 738 1897 in
753 1839 835 1900 nobis
849 1838 946 1898 ierant
961 1838 1155 1912 multiplicem,
1171 1840 1200 1897 in
1213 1838 1327 1898 Christo
1342 1840 1415 1899 Jeea
1430 1854 1562 1912 qumans.

403 1942 504 2003 Amen.

489 2048 691 2109 Redeantibas
712 2049 794 2109 nobis
817 2063 834 2106 e
855 2048 961 2121 templo
979 2046 1046 2105 liam
1067 2048 1150 2107 nobis
1166 2047 1279 2107 obmam
1293 2046 1380 2123 fiant,
1412 2051 1488 2109 cives
1502 2048 1564 2108 dnos

401 2154 512 2213 catenis
525 2154 694 2214 constmctos
709 2170 806 2213 secam
819 2152 965 2211 ducentes.
998 2152 1089 2211 Fama
1103 2158 1167 2212 erat
1180 2169 1243 2211 esse
1259 2158 1399 2229 textores,
1416 2157 1465 2226 qai
1479 2155 1563 2213 nescio

402 2257 473 2331 quid
486 2259 604 2318 sinistre
617 2259 649 2317 in
663 2258 776 2318 urbaliu
790 2256 864 2317 festa
878 2258 1008 2331 casaris,
1030 2273 1094 2330 quae
1116 2258 1146 2316 in
1165 2258 1379 2319 circumlatione
1396 2258 1564 2319 eucharistie

403 2360 554 2423 mariciati
573 2367 666 2423 erant.
705 2362 775 2421 cnm
797 2367 893 2421 ιιιιιιιιιι
911 2362 943 2419 hi
964 2361 1021 2421 duo
1043 2378 1102 2422 noa
1121 2362 1214 2421 solum
1234 2364 1304 2421 mihi
1322 2364 1491 2423 uiderentur
1511 2375 1565 2421 este

403 2482 439 2527 ex
452 2466 643 2541 Augustianis,
664 2467 714 2539 qai
732 2482 796 2525 eam
810 2466 974 2525 idolatriam
989 2466 1235 2539 abominarentur,
1265 2484 1377 2527 mecam
1398 2467 1565 2543 copiatum

403 2571 463 2631 Dat
476 2571 589 2630 ueniam
607 2572 717 2644 corvis,
740 2576 826 2630 vexat
840 2587 961 2631 censura
982 2570 1143 2645 columbas,
1170 2576 1199 2631 et
1221 2588 1421 2646 sepenumero
1447 2572 1565 2632 catellam

402 2675 789 2735 canlinterroremlconis.
1087 2747 1089 2754 Ι

492 2777 593 2837 Comes
608 2778 777 2838 wilhelmus
792 2796 881 2853 equos
896 2781 1006 2856 viginti,
1023 2797 1146 2855 corpora
1167 2783 1351 2856 septuaginta
1366 2781 1496 2855 qaouue
1510 2779 1561 2851 alit

401 2881 483 2955 cujas
497 2885 627 2956 sumptus
640 2898 694 2957 per
708 2899 792 2942 omne
806 2890 928 2960 tempas,
949 2886 1026 2959 quod
1039 2886 1178 2959 Augustae
1198 2888 1368 2947 commorari
1389 2892 1505 2947 coactas
1519 2890 1563 2956 est,

402 3001 467 3045 cam
481 3002 517 3045 ea
531 2987 662 3060 pecunia,
679 3003 744 3060 qaoe
755 2978 948 3076 δωρωφάγοις
959 2992 1021 3049 istis
1036 2989 1131 3049 mnne
1145 2992 1233 3064 venit,
1250 2990 1287 3049 ad
1301 3008 1444 3051 summam
1458 2990 1565 3064 triginta

402 3090 492 3150 millia
505 3108 659 3151 aureolam
674 3099 865 3167 computatur.

489 3194 635 3257 Gerardas
654 3197 796 3272 Helduip
817 3200 930 3273 legatas
951 3200 1029 3273 regis
1049 3199 1226 3259 Fordinandi
1247 3200 1336 3259 semel
1359 3204 1450 3272 atque
1472 3199 1565 3257 iterum

385 3301 481 3376 -apad
505 3302 679 3362 Solimanam
704 3304 863 3362 Tarcararn
885 3306 1087 3376 imperatorem
1109 3303 1187 3377 fait,¹
1216 3306 1261 3364 uir
1282 3303 1355 3363 vafri
1377 3305 1502 3379 ingenii,
1524 3300 1565 3373 qai

337 3401 343 3410 ’
402 3407 477 3466 mma
490 3412 554 3467 arte
570 3412 599 3467 et
613 3410 695 3468 novis
717 3408 843 3481 strophis
862 3410 1045 3482 imperatoris
1060 3410 1135 3469 turci
1156 3408 1303 3469 vafriciem
1318 3414 1349 3468 et
1362 3410 1502 3469 saevitiem
1516 3420 1565 3465 noa

402 3513 490 3573 semel
505 3512 646 3571 delmisse
662 3514 777 3587 dicitur,
793 3520 826 3571 ut
840 3519 919 3571 recte
935 3513 1070 3586 Aeginita
1084 3530 1147 3571 cam
1161 3512 1299 3573 Cretense
1315 3516 1481 3573 commissus
1496 3510 1564 3570 dicu·

401 3623 496 3677 catur.
521 3618 618 3689 Quare
633 3622 663 3676 et
677 3634 730 3677 sna
743 3617 824 3677 frans
839 3619 1082 3692 ennepiscopale
1098 3618 1208 3677 eulmen
1223 3617 1416 3679 conscendere
1431 3618 1506 3678 lecit

489 3722 556 3781 Non
570 3723 719 3796 indignam
733 3728 915 3797 posterorum
937 3724 1074 3783 memoria
1092 3728 1162 3797 pato
1182 3723 1222 3782 ad
1241 3723 1273 3783 id
1294 3724 1419 3783 miseriae
1436 3720 1564 3782 ditissima

399 3828 488 3887 totius
498 3827 623 3898 Eurcpae
632 3826 783 3886 Pannonia
796 3843 888 3900 regna
903 3826 1062 3902 devenisse,
1078 3834 1110 3887 at
1124 3844 1186 3900 rex,
1203 3830 1253 3902 qui
1269 3843 1327 3886 non
1343 3830 1438 3887 solam
1452 3828 1496 3885 his
1509 3840 1564 3896 reg·

400 3932 461 4003 ais,
491 3931 543 3991 sed
557 3938 587 3990 et
600 3930 756 3991 sanissimo
770 3933 963 3993 Bohemoram
980 3948 1071 4007 regno
1086 3938 1209 4007 praeest,
1231 3931 1305 3991 adde
1320 3934 1370 4008 qai
1385 3939 1416 3991 et
1431 3932 1564 3994 Romane

401 4050 466 4093 rum
480 4035 558 4106 regis
572 4036 656 4093 titulo
671 4036 792 4110 madet,
817 4038 842 4095 si
857 4053 915 4110 qua
930 4038 1031 4097 ancae
1046 4039 1168 4113 scribat,
1191 4038 1273 4111 ponit
1292 4039 1338 4097 vel
1352 4042 1385 4095 ιιι
1400 4038 1493 4097 dicam
1506 4048 1564 4093 con·

401 4138 562 4199 venientias
588 4155 654 4198 eam
677 4139 732 4197 hcc
757 4143 885 4215 epitheto
912 4142 1063 4217 dignatur:
1098 4142 1293 4201 illustrissimo
1321 4148 1351 4201 et
1376 4140 1563 4215 potentissimo
1644 4154 1645 4157 ¹

400 4244 524 4318 principi
544 4259 580 4302 ac
603 4242 717 4303 domino
739 4244 885 4304 Solimano
900 4247 1062 4306 aurearum
1075 4247 1153 4306 Asiae
1169 4252 1200 4307 et
1214 4248 1381 4307 Graecorum
1395 4242 1562 4320 imperatori.

489 4349 626 4421 Ungarus
647 4349 764 4429 quidam
785 4352 883 4425 magni
905 4342 1046 4428 nominis,
1072 4368 1156 4427 quem
1175 4354 1269 4427 primo
1290 4351 1371 4411 Petri
1393 4352 1499 4423 dicant,
1521 4346 1564 4419 qui

401 4453 479 4525 qaod
492 4452 622 4529 perfidiae
640 4455 671 4513 ia
690 4456 879 4515 mrmaaaum
893 4460 1063 4532 sanguinem
1077 4461 1227 4517 ucmsatus
1248 4457 1287 4516 cd
1298 4456 1421 4516 Tarcam
1436 4452 1564 4514 deieeime

401 4555 516 4630 dicitur,
531 4557 599 4617 licet
612 4556 689 4620 mma
703 4560 751 4634 sit,
766 4562 860 4635 ipsam
873 4565 971 4635 magni
985 4578 1085 4621 rarsas
1100 4559 1278 4621 Feralinaacli
1292 4560 1414 4633 mnam
1428 4558 1531 4617 iniisse,

491 4660 618 4722 ladaciac
634 4664 861 4738 quinquennales
875 4668 1111 4739 intercessuram,
1127 4680 1224 4739 regem
1237 4665 1431 4725 Romanorum
1447 4668 1477 4721 et
1498 4660 1563 4719 Tur·

402 4778 500 4823 earam
515 4780 621 4841 regem,
636 4768 704 4826 item
720 4785 818 4843 regem
832 4771 975 4847 Francia,
992 4770 1092 4831 dacem
1104 4771 1244 4831 Venetam
1260 4785 1373 4844 quoqne
1387 4768 1561 4828 concernunt.
