3700 5692
955 710 1022 776 108

406 914 472 957 cere
487 892 710 969 aliquidpossit,
733 890 775 951 illi
789 890 941 953 subvenire
954 892 1053 951 velim.
1092 889 1241 948 Praeterea
1258 902 1323 961 quoe
1340 888 1379 948 ad
1392 888 1468 947 hunc
1479 902 1561 961 usque

403 1000 480 1059 diem
498 997 618 1059 inferior
633 998 783 1057 Pannonia
796 997 927 1057 aTurcia
942 1012 1080 1070 perpessa
1094 997 1141 1069 sit,
1157 1010 1193 1054 ea
1207 1010 1270 1053 esse
1284 992 1454 1068 hujusmodi,
1469 997 1501 1051 ut
1514 993 1561 1051 nisi

404 1122 424 1165 a
437 1105 552 1164 nodone
575 1103 738 1177 gmmanica
752 1104 900 1176 suppetias
914 1102 1028 1180 habeat,
1052 1102 1172 1177 posthac
1187 1101 1320 1161 sustineri
1334 1103 1486 1173 nequeant.
1512 1098 1562 1158 Sed

404 1210 537 1270 Ausuios
552 1210 629 1283 ipsos
644 1210 771 1268 crastino
786 1223 901 1267 causam
916 1224 997 1267 suum
1013 1208 1090 1281 apud
1105 1211 1197 1266 status
1212 1206 1324 1279 imperii
1338 1205 1523 1279 exposituros.

492 1315 609 1376 Interim
632 1313 704 1373 illud
726 1314 763 1373 ab
787 1313 1001 1386 archiepiscopo
1027 1312 1214 1387 Moguntino,
1242 1310 1376 1372 videlicet
1402 1309 1562 1369 madano

403 1434 456 1495 per
469 1418 662 1493 Germaniam,
678 1417 869 1493 evulgandum
884 1401 997 1478 dicitua

491 1525 559 1583 Dux
574 1522 728 1581 Mauritius
751 1523 859 1582 elector
880 1524 911 1582 in
933 1522 1017 1582 domo
1032 1522 1238 1596 marquardi-a
1253 1520 1334 1581 Stein
1353 1519 1501 1594 prepositi
1513 1516 1563 1577 du·

403 1631 526 1705 guatoni,
542 1629 711 1702 Mogontini
726 1633 756 1688 et
768 1627 989 1702 Bambergensis
1003 1629 1174 1703 hospitatur.

493 1732 554 1794 Sub
575 1734 740 1793 concionem
762 1731 851 1793 fiebat
871 1733 999 1793 delectus
1018 1732 1160 1807 peditum,
1183 1732 1231 1805 qui
1254 1744 1311 1805 quo
1333 1729 1454 1806 propius
1468 1728 1564 1803 templo
1638 1726 1639 1773 ι

403 1839 533 1899 Mauritii
548 1838 723 1898 accedebant
744 1838 830 1913 (istnc
849 1839 924 1896 enim
940 1839 996 1896 illis
1015 1816 1248 1911 praetereundum
1267 1840 1331 1895 erat
1344 1833 1508 1895 volentibus
1520 1849 1565 1907 per

403 1943 497 2004 iorum
512 1943 634 2003 Caesaris
649 1944 787 2017 paruum
801 1941 906 2017 adire),
931 1958 965 2001 eo
981 1940 1083 2003 furbus
1098 1949 1249 2016 tympanas
1264 1939 1453 2001 incutiebant.

491 2049 519 2109 A
534 2050 670 2110 concione
684 2050 849 2108 volebamus
863 2046 1084 2108 Atrebatensem
1099 2048 1218 2121 ulloqui,
1241 2062 1340 2106 verum
1359 2045 1495 2105 ostiarius
1509 2060 1565 2104 eum

403 2154 467 2215 heri
491 2155 544 2214 sub
566 2170 672 2213 nonam
694 2156 785 2212 noctis
807 2159 955 2228 vocatum,
980 2159 1013 2213 ut
1031 2153 1086 2211 hoc
1113 2169 1195 2211 mane
1214 2151 1410 2227 tempestivius
1432 2150 1565 2211 cesarem
1638 2148 1639 2151 ’

403 2259 506 2334 adnot,
523 2259 627 2333 aiebat,
640 2260 758 2332 jamque
773 2260 866 2333 ipsum
881 2257 997 2317 abiisse.
1035 2258 1106 2317 Post
1119 2256 1174 2317 hoo
1191 2258 1332 2331 'palatium
1346 2256 1509 2317 archiducis
1522 2270 1565 2329 pe·
1638 2288 1639 2339 3

403 2365 496 2425 titum.
536 2365 607 2424 Illuc
621 2370 718 2423 antem
733 2362 826 2422 adhuc
841 2361 966 2421 silebant
981 2364 1090 2437 omnia,
1112 2368 1141 2422 et
1162 2361 1301 2423 archidux
1314 2362 1420 2435 plumis
1435 2360 1564 2419 herebat.

404 2470 561 2529 statuimus
576 2469 644 2529 dein
658 2469 783 2543 Viglium
798 2468 973 2526 Zuiehenum
988 2470 1127 2541 invisere,
1150 2468 1187 2527 ad
1202 2454 1280 2543 eujus
1300 2466 1497 2526 habitaculum
1511 2480 1565 2525 mm
1638 2452 1639 2523 ι

403 2574 626 2647 perveniremus,
650 2573 750 2633 doctor
765 2574 853 2631 Fisch
869 2590 932 2631 cum
955 2574 1019 2647 ipso
1034 2590 1121 2645 super
1135 2572 1257 2648 negotiis
1272 2574 1331 2631 suis
1346 2571 1564 2645 colloquebatur.
1638 2628 1639 2637 ,

403 2678 498 2750 Hujus
513 2679 600 2751 igitur
616 2678 724 2737 abitum
737 2678 937 2749 praestolantes
953 2696 986 2739 ac
1002 2677 1165 2751 confestim,
1191 2678 1240 2738 nbi
1258 2677 1305 2737 hic
1320 2654 1430 2751 abiret,
1451 2676 1564 2751 vigilum
1638 2744 1639 2749 ἵ

403 2785 434 2842 in
447 2781 632 2842 hibernacolo
647 2796 698 2840 suo
714 2783 905 2857 convenimus,
929 2784 971 2842 illi
988 2788 1244 2856 exponentesque
1263 2782 1300 2841 ed
1314 2798 1431 2841 cansam
1447 2788 1565 2841 nostram
1638 2770 1639 2799 l

402 2886 539 2961 facerent,
555 2887 604 2962 qni
619 2888 714 2947 omnia
728 2886 843 2960 quidem
849 2889 993 2959 patienter
1008 2888 1125 2947 audivit.
1137 2889 1243 2947 Verum
1258 2888 1299 2947 ait
1314 2902 1433 2947 causam
1447 2892 1564 2947 nostram

403 2993 433 3050 in
447 2991 568 3050 concilio
583 2990 697 3064 quidem
717 2992 857 3063 imperiali
878 2997 1033 3052 tracmtam
1052 3008 1116 3051 esso
1131 2998 1161 3052 et
1175 3008 1209 3051 eo
1225 2991 1385 3066 deventum,
1402 2998 1437 3051 ut
1450 2990 1563 3051 Atreba-

402 3097 493 3156 tensis
515 3097 552 3155 de
566 3095 612 3154 his
627 3111 759 3155 cesareae
774 3098 919 3171 majestati
934 3099 1103 3157 relationem
1122 3097 1218 3157 iacere
1233 3098 1270 3155 sit
1281 3098 1387 3170 jussus.
1429 3096 1464 3155 Id
1478 3100 1564 3155 autem
1638 3098 1639 3107 ’

402 3202 538 3261 hactenus
552 3201 590 3260 ab
604 3201 796 3261 Atrebatense
810 3202 848 3261 ob
864 3204 982 3276 negocia
997 3204 1108 3276 imperii
1124 3202 1295 3276 Hispanico,
1316 3206 1346 3261 et
1360 3202 1441 3275 quod
1456 3202 1491 3263 de
1505 3215 1563 3275 pro·

401 3307 526 3368 lectione
540 3306 699 3367 archiducis
719 3308 781 3382 jam
795 3309 909 3370 solliciti
932 3309 1003 3381 sint,
1025 3312 1054 3365 et
1073 3309 1169 3367 macic
1190 3323 1261 3380 quas
1281 3307 1466 3381 negociorum
1484 3306 1564 3365 moles

402 3417 600 3490 procurarent,
614 3410 680 3470 fieri
695 3430 752 3473 non
768 3414 903 3486 potuisse.
928 3413 1019 3497 ¹Facta
1035 3418 1148 3473 estete
1160 3412 1243 3473 uobis
1257 3413 1373 3486 mentio,
1390 3430 1461 3488 num
1474 3426 1562 3486 posse

401 3535 464 3577 mus
479 3518 519 3578 ad
531 3522 644 3592 tempus
659 3516 775 3591 aliquod
792 3533 856 3577 curn
871 3519 967 3591 gratia
982 3518 1101 3591 dimitti,
1127 3518 1178 3577 ssd
1201 3517 1231 3576 id
1246 3519 1360 3578 omuino
1374 3534 1436 3578 non
1450 3515 1509 3576 lore
1522 3531 1562 3573 re·
1638 3520 1639 3555 l

402 3620 526 3695 spondit.
549 3621 631 3680 Dixit
645 3638 759 3697 quoqne
774 3622 956 3681 archiducem
972 3623 1028 3681 sibi
1042 3623 1117 3681 serio
1132 3618 1295 3701 injunxisse,
1312 3639 1370 3696 qno
1384 3624 1448 3695 ipse
1462 3622 1563 3697 Viglius
1638 3600 1639 3605 ἵ

401 3727 481 3802 apud
495 3726 715 3787 hasbacensem
730 3728 861 3801 instaret,
877 3734 910 3785 nt
924 3726 1032 3787 Caesari
1047 3743 1134 3788 causa
1148 3733 1247 3787 nostra
1261 3725 1428 3802 referretur,
1445 3725 1561 3787 acAtre·

402 3831 550 3891 hatonsem
577 3833 635 3904 ipsi·
657 3832 802 3891 Zuieheno
823 3831 991 3891 schedulam
1015 3833 1174 3893 ostendisse
1202 3834 1232 3890 in
1253 3847 1310 3904 qua
1332 3833 1429 3897 multae
1452 3832 1561 3906 private

402 3950 497 3995 causae
511 3935 631 4007 signatos
654 3941 750 3994 essent
764 3952 896 3996 caesareoe
910 3938 1055 4011 majestati
1069 3936 1247 4009 referenda,
1267 3936 1393 3997 nondum
1407 3942 1504 3997 autem
1517 3952 1560 4010 op·

402 4039 608 4114 portunitatem
623 4039 767 4114 obtigisse,
783 4047 816 4100 nt
831 4042 868 4100 de
883 4042 928 4101 his
943 4058 1007 4101 cnm
1022 4041 1135 4102 Oasare
1150 4044 1198 4115 agi
1211 4046 1317 4117 posset.
1345 4042 1430 4115 Nam,
1447 4042 1487 4101 ait
1499 4035 1559 4110 llig-

401 4145 466 4219 lius,
483 4142 581 4202 (iasar
595 4158 653 4201 non
667 4148 711 4201 est
726 4146 768 4203 ita
782 4146 900 4220 otiosus,
917 4152 950 4205 ut
964 4152 1021 4205 stet
1035 4152 1065 4205 et
1079 4146 1178 4205 audiat
1192 4148 1367 4219 privatarum
1380 4162 1479 4205 rernm
1493 4143 1559 4201 rela-

401 4247 518 4309 tionem.
540 4328 544 4334 k
557 4247 686 4321 Rogatus
700 4249 800 4322 igitur,
823 4256 857 4308 nt
870 4252 953 4310 nobis
968 4268 1049 4310 sunm
1065 4252 1228 4325 eonsilium,
1251 4254 1300 4325 qui
1314 4251 1443 4326 posthaec
1456 4264 1502 4333 res
1511 4262 1558 4317 ag·

399 4352 568 4428 gradienda
582 4359 687 4427 essent,
702 4354 907 4429 impartiretur,
931 4354 1004 4415 dixit
1018 4370 1049 4413 se
1064 4356 1137 4415 nihil
1151 4358 1222 4415 certi
1239 4358 1320 4430 scire,
1336 4356 1433 4414 omnia
1448 4353 1519 4411 enim
1532 4362 1558 4405 se

401 4456 512 4531 fecisse,
528 4440 677 4518 consulere
699 4464 795 4517 autern
814 4464 848 4517 nt
865 4460 961 4534 exigui
982 4461 1120 4533 temporis
1140 4477 1221 4521 mora
1239 4462 1357 4520 hicnon
1372 4458 1556 4533 fatigaremur.

402 4561 489 4634 Spem
509 4577 572 4620 esse
595 4564 672 4621 intra
693 4578 800 4635 paucos
820 4563 881 4623 dies
905 4580 1022 4624 causum
1044 4571 1172 4625 nostram
1195 4566 1318 4639 peragi,
1343 4565 1381 4624 Se
1400 4579 1468 4623 vero
1487 4562 1556 4619 certo

402 4665 486 4735 scire,
501 4663 720 4725 Atrebatensem
734 4666 789 4725 hoc
803 4668 960 4727 meridiano
975 4674 1104 4742 tempore
1126 4670 1197 4729 nihil
1211 4668 1320 4729 referre
1335 4670 1468 4743 potuisse.
1504 4664 1555 4721 llo

403 4766 532 4837 gerimus
545 4766 628 4841 inde,
648 4776 681 4828 ut
701 4771 772 4845 ipse-
786 4771 864 4845 apud
884 4770 1103 4831 atrebatensem
1115 4790 1170 4853 pro
1192 4773 1273 4835 nobis
1288 4790 1375 4849 agere
1389 4774 1553 4847 dignaretur.
