3700 5692
942 714 1009 781 244

394 893 456 956 fere
470 895 524 956 snb
539 900 651 955 noctem
667 911 731 955 cum
745 892 806 957 filia
819 894 943 957 Aemilia
952 895 1181 959 Oranichleldum
1196 878 1424 977 adWalpurgim
1437 914 1566 963 sororem

396 1018 477 1062 suem
492 1001 572 1062 abiit.

484 1107 607 1167 Gothum
625 1107 680 1168 sub
701 1109 850 1182 septimam
871 1110 965 1171 noctis
987 1110 1169 1184 pervenimus
1193 1110 1330 1187 hospitati
1350 1112 1382 1171 in
1403 1110 1517 1173 fumoso
1538 1118 1567 1173 et

394 1214 501 1275 rustico
515 1215 648 1289 hospitio.
673 1213 775 1275 Gothre
790 1214 879 1276 Ottho
893 1233 913 1275 a
928 1215 1038 1276 Sebacb
1052 1215 1150 1297 Anne
1160 1215 1251 1279 irater
1265 1216 1376 1279 ederat

483 1339 522 1381 xx
536 1322 606 1382 Julii
626 1320 728 1381 Gothae
753 1322 785 1381 in
809 1322 939 1382 coenobio
959 1321 1213 1397 hugushnensium
1240 1322 1396 1398 quendam,
1426 1324 1477 1397 qui
1500 1324 1567 1383 olim

395 1426 522 1499 ejusdem
536 1426 661 1488 coenobii
674 1427 830 1487 monachus
844 1426 949 1502 fuerat,
966 1443 1002 1487 ex
1017 1443 1078 1502 cap.
1099 1431 1136 1487 17
1154 1428 1253 1502 Actor.
1268 1430 1429 1489 audirimus
1446 1428 1483 1489 da
1497 1446 1565 1503 pro-

395 1529 518 1593 lectione
533 1533 662 1593 Paulist
676 1534 743 1593 Sila
759 1551 795 1592 ex
817 1533 959 1609 Philippis
980 1535 1011 1593 iu
1026 1533 1249 1596 Thessalonicen
1268 1540 1298 1595 et
1312 1551 1377 1608 quse
1397 1535 1436 1595 sit
1449 1533 1569 1597 fortuna

394 1636 589 1710 profitentium
610 1640 774 1714 veritatem,
799 1645 829 1698 et
842 1655 907 1713 quae
921 1637 1011 1699 tuerit
1024 1642 1186 1701 constantia
1200 1642 1300 1716 Pauli,
1324 1642 1374 1715 qui
1393 1658 1449 1701 nec
1469 1642 1517 1702 vel
1532 1641 1569 1703 ob

386 1743 496 1817 ‚plagas
510 1744 556 1803 vel
569 1744 690 1819 injurias
705 1744 846 1820 Philippis
864 1750 999 1819 occeptas
1019 1762 1038 1807 a
1051 1750 1132 1807 recto
1148 1745 1297 1809 discedere
1318 1751 1370 1807 ant
1383 1746 1567 1821 predicatio

395 1864 459 1906 nem
475 1850 615 1923 evangelii
629 1850 792 1923 relinquere
804 1851 936 1912 voluerit.
975 1852 1047 1912 Item
1063 1852 1165 1927 quibus
1185 1853 1322 1914 derebus
1344 1856 1374 1913 et
1388 1854 1491 1926 quanti
1506 1868 1567 1912 mo·

394 1956 484 2014 menti
498 1971 534 2015 ea
547 1954 671 2031 fuerint,
692 1972 757 2030 que
771 1956 879 2016 Paulus
898 1956 976 2030 apud
990 1958 1259 2019 Thessalonicenses
1280 1960 1393 2021 locutus
1408 1959 1454 2019 sit.
1495 1958 1570 2019 Item

394 2060 473 2135 quod
488 2061 553 2122 dure
571 2077 619 2121 res
632 2063 743 2123 Judseis
765 2063 943 2138 obstiterint,
965 2065 1116 2138 quominus
1130 2061 1217 2123 fidem
1232 2065 1331 2125 christi
1345 2068 1499 2140 acceptare
1514 2079 1568 2140 po·

393 2169 515 2242 tuerint,
532 2185 590 2228 nna
605 2169 683 2242 qnod
697 2169 827 2243 neglecto
842 2169 951 2230 christo
971 2185 1023 2243 per
1043 2185 1131 2244 opere
1151 2170 1223 2245 legis
1242 2176 1272 2231 et
1290 2187 1343 2231 sua
1363 2170 1519 2231 sedulitate
1539 2174 1572 2229 et

393 2275 502 2335 meritis
512 2290 543 2334 se
553 2291 639 2350 posse
648 2275 754 2335 salvari
768 2273 823 2333 sibi
832 2275 904 2351 ipsis
912 2292 1081 2350 persuasum
1089 2274 1243 2349 haherent
1259 2277 1352 2337 altera
1362 2275 1441 2350 quod
1456 2275 1568 2350 christi,

394 2382 444 2453 qui
457 2396 544 2439 verns
559 2385 623 2443 erat
637 2385 668 2440 et
681 2386 726 2441 est
739 2380 876 2455 Messias,
899 2381 1032 2441 dominus
1056 2387 1086 2441 et
1104 2397 1158 2441 rex
1177 2380 1282 2441 iulerui
1295 2381 1398 2441 mortis
1413 2386 1443 2441 et
1458 2379 1570 2441 diaboli

393 2502 447 2559 pro
462 2486 545 2546 nobis
560 2487 680 2561 devicti,
701 2502 823 2561 regnum
836 2491 984 2547 terrenum
998 2488 1190 2562 quaesierunt,
1216 2493 1245 2547 et
1259 2487 1307 2547 hic
1320 2492 1422 2547 nostra
1435 2492 1570 2560 tempora

392 2591 430 2650 ad
444 2592 594 2665 preterita
607 2591 774 2653 ludaeorum
788 2593 918 2653 contulit.
951 2592 1188 2667 Conquerebntnr
1202 2608 1317 2667 qnoque
1331 2596 1447 2653 nostros
1462 2591 1568 2653 adver·

392 2698 485 2756 sanos
507 2714 594 2772 qnam
612 2698 778 2773 longissime
798 2698 1128 2759 aThassslonicensium
1150 2700 1279 2772 exemplo
1302 2698 1414 2771 abesse,
1439 2713 1505 2757 cum
1520 2692 1568 2757 isti

392 2803 430 2877 ri,
446 2818 510 2875 que
518 2803 589 2878 ipsis
598 2803 699 2878 pulcra
709 2803 853 2879 videntur,
869 2804 953 2865 nobis
962 2803 1117 2865 obtrudere
1127 2808 1269 2880 satagrunt.
1294 2803 1569 2865 Thessalonicenses

392 2924 461 2967 vero
483 2909 645 2969 scrutandis
660 2910 827 2984 scripturis,
850 2925 889 2969 an
902 2910 965 2969 haec
980 2911 1022 2971 ita
1036 2926 1067 2971 se
1081 2909 1237 2985 haberent,
1262 2926 1327 2985 qum
1341 2927 1361 2971 a
1382 2908 1569 2986 praeconibus

392 3014 522 3074 veritatis
536 3016 720 3091 audiverant,
744 3015 859 3077 veritati
874 3015 1052 3084 assenserint
1073 3021 1126 3077 etc.
1172 3016 1234 3077 Nec
1257 3018 1363 3077 oblitus
1377 3014 1433 3076 fuit
1452 3020 1517 3075 tum
1541 3019 1570 3075 et

391 3119 540 3179 honestam
550 3121 722 3181 mentionem
736 3125 766 3180 et
779 3121 905 3183 debitam
915 3112 1149 3183 intercessionem
1163 3138 1217 3197 pro
1228 3122 1435 3197 gloriosissimo
1451 3122 1571 3183 Joanne

394 3224 520 3286 electore
536 3231 590 3285 alc.
605 3224 710 3287 facere.

481 3331 558 3392 Dein
572 3337 687 3407 sumpto
703 3332 851 3406 ientaculo
866 3330 1090 3407 Grentzbergam
1113 3332 1255 3391 tendimns
1269 3332 1323 3395 sub
1339 3330 1498 3393 secundam
1514 3348 1567 3407 po-

391 3437 581 3499 meridianum
596 3455 630 3499 ec
644 3430 855 3513 pervenientes.
893 3436 1035 3513 Georgius
1050 3452 1069 3497 a
1083 3436 1214 3499 Horstall
1231 3438 1396 3513 capitaneus
1415 3439 1495 3499 arcis
1510 3453 1568 3499 non

393 3543 505 3604 aderat

483 3649 743 3725 compertisumus
756 3649 897 3711 Jodocmn
918 3650 1068 3712 Schonhar
1083 3649 1310 3713 Oorhschianum
1330 3650 1448 3726 nuptias
1468 3650 1567 3709 inno·

393 3760 454 3814 stro
481 3754 606 3830 hospitio
629 3757 764 3817 habuisse
791 3772 827 3815 ac
853 3756 970 3818 viduam
997 3758 1166 3817 mercatoris
1197 3755 1305 3819 ibidem
1329 3756 1361 3817 in
1388 3754 1568 3830 Orautaberg

328 3846 337 3855 ’
395 3860 519 3921 duxisse.
555 3862 616 3937 Ipsi
629 3878 744 3937 quoqne
757 3862 835 3923 huno
852 3862 996 3923 hominem
1010 3868 1040 3923 ct
1053 3861 1175 3923 vidimus
1194 3865 1224 3922 et
1245 3862 1383 3923 nonnula
1397 3860 1435 3923 ab
1451 3877 1487 3922 eo
1502 3862 1568 3923 emi·

392 3982 465 4026 mus.
488 4024 492 4028 .

481 4071 510 4131 l
523 4088 607 4135 omna
621 4074 652 4132 in
665 4074 765 4134 hortos
779 4090 846 4135 suos
855 4074 968 4136 Werrae
982 4070 1093 4133 flumini
1107 4069 1273 4146 adjacentes
1288 4075 1319 4133 ct
1333 4072 1437 4133 vinetis
1452 4072 1564 4134 arbori·
1648 4062 1651 4065 ’

359 4202 363 4207 -
392 4177 446 4237 bns
459 4177 528 4239 mali
542 4184 573 4239 et
585 4180 678 4239 cerasi
699 4180 827 4254 undique
844 4180 975 4241 consitos
995 4178 1101 4255 hospes
1120 4192 1239 4238 uxorem
1261 4181 1391 4239 nostram
1405 4182 1436 4239 ot
1450 4195 1504 4241 nos
1519 4194 1566 4238 ce·

392 4288 472 4345 toros
485 4284 615 4346 deduxit.

481 4391 577 4451 Urnas
613 4396 681 4453 octo
715 4406 856 4453 mensore
887 4389 1140 4465 Greutzbergensis
1177 4405 1241 4452 cum
1275 4404 1344 4450 vose
1374 4388 1453 4463 ejus,
1490 4385 1568 4463 quod

393 4495 436 4555 illi
458 4496 684 4572 proventuri,
714 4514 769 4573 pro
798 4511 901 4557 novem
923 4495 1045 4555 thaleris
1068 4496 1162 4554 minus
1189 4492 1352 4569 quindecim
1376 4494 1470 4563 batzis
1496 4493 1565 4555 emi·

393 4616 465 4662 nnus.

412 4743 415 4752 -
483 4706 629 4781 Hospitati
646 4704 752 4767 luimus
770 4705 972 4783 maranegas
994 4704 1072 4793 apud
1092 4705 1237 4768 consulem
1251 4706 1407 4781 loannem,
1421 4703 1566 4766 hominem

394 4807 479 4885 hugi,
495 4812 872 4885 luicumnxoreomnihns
886 4810 1153 4901 bomsbenerelit
1377 4804 1382 4811 '
