3700 5692
975 695 1021 762 44

413 885 580 948 describens
600 883 664 942 bec
683 885 785 942 nostra
797 865 937 953 tempora.
976 873 1098 936 Addidit
1115 879 1210 936 summ
1231 873 1267 934 de
1282 873 1361 935 exitu
1378 874 1445 934 vite
1458 873 1575 936 Herodis

414 989 648 1061 horribilissimo,
671 985 824 1047 ostendens
845 982 940 1044 Deum
960 997 1046 1042 nosse
1070 980 1122 1054 qm
1146 986 1176 1041 et
1194 984 1333 1054 tyrannos
1352 979 1532 1054 pessumdare
1550 986 1575 1040 et

414 1112 482 1158 suos
503 1096 616 1168 eripere
635 1092 747 1153 debeat
786 1091 860 1150 Item
882 1087 1025 1162 quomodo
1045 1084 1125 1146 Deus
1152 1087 1183 1144 in
1199 1064 1445 1160 impoenitentibus
1456 1086 1575 1160 supplicii

414 1201 581 1262 mrditatem
594 1211 689 1272 poenm
704 1196 848 1272 pudure
862 1196 1036 1267 compenset,
1052 1196 1082 1251 et
1094 1191 1238 1266 quomodo
1248 1189 1368 1250 subistis
1380 1191 1510 1264 tyrannis
1523 1190 1574 1249 suis

414 1305 570 1380 siquando
585 1304 730 1377 respirare
744 1300 840 1363 donet.
881 1299 955 1358 Item
969 1299 1007 1358 de
1022 1303 1106 1356 cruce
1120 1296 1229 1369 Ioseph
1245 1301 1276 1356 et
1288 1295 1393 1356 nude
1408 1296 1440 1354 in
1453 1293 1574 1370 Aegypto

417 1409 495 1486 apud
509 1414 623 1485 gentem
636 1407 789 1468 idolatrum
803 1411 833 1465 et
845 1400 1026 1463 irrisionibus
1035 1401 1170 1476 deditam,
1179 1406 1209 1460 et
1223 1401 1302 1475 quod
1310 1399 1442 1461 Christus
1451 1399 1575 1460 dommus

416 1531 509 1576 annos
523 1512 586 1574 lere
600 1517 725 1587 quatuor
745 1513 776 1570 in
790 1509 923 1585 Aegypto
945 1508 1104 1584 peregerit,
1125 1521 1179 1565 nec
1193 1503 1224 1564 id
1236 1506 1352 1564 interim
1365 1509 1474 1580 tatem,
1494 1505 1574 1578 majo

414 1636 478 1680 rem
491 1625 570 1694 tunc,
586 1620 661 1678 sicut
675 1622 705 1677 et
718 1631 803 1690 mune,
818 1614 981 1675 mortalium
996 1617 1107 1685 partem
1121 1627 1153 1670 se
1167 1609 1206 1671 ad
1224 1609 1336 1671 felicius
1356 1611 1439 1670 neuls
1453 1611 1524 1670 latus
1537 1610 1574 1668 in-

386 1743 390 1748 ⁴
415 1725 537 1784 clinasse
551 1726 581 1783 et
595 1737 659 1783 eam
672 1720 774 1796 tidem,
797 1735 861 1794 que
876 1719 954 1793 regi,
976 1718 1050 1776 sicut
1065 1721 1094 1776 et
1116 1731 1192 1775 nuuc
1206 1731 1290 1791 quem
1305 1713 1417 1776 Caeseri
1431 1710 1510 1774 cordi
1522 1729 1577 1773 esse

415 1829 596 1903 probassent,
612 1826 861 1900 amplecterentur,
878 1828 907 1884 et
921 1838 1008 1898 quem
1024 1823 1143 1896 exiguus
1164 1835 1236 1897 grex
1256 1836 1332 1880 verse
1347 1821 1478 1881 ecclesie
1491 1818 1575 1879 luerit.

415 1934 498 2009 Item,
511 1936 628 2007 quante
634 1928 742 1992 luerint
748 1931 909 2005 pressiones
925 1927 1053 1988 ecelesiae
1069 1925 1255 2000 subllcrone,
1267 1924 1574 2000 TraianoDomitinno,

416 2035 596 2098 Diocletiano
611 2041 641 2095 et
653 2037 684 2097 id
698 2051 788 2111 genus
803 2037 1025 2109 imperatorum,
1049 2038 1082 2092 ut
1101 2036 1207 2105 preter
1227 2031 1324 2090 onmis
1338 2031 1398 2090 alis
1412 2029 1576 2090 incommoda

416 2148 505 2203 ettot
521 2141 736 2218 persecutiones
757 2138 863 2213 publici
883 2139 970 2198 etiam
998 2142 1154 2198 conventus
1176 2135 1339 2195 christianis
1363 2133 1575 2208 prohibIti'sint,
1639 2153 1640 2162 ¹

415 2249 458 2308 ite
472 2253 514 2323 ut,
530 2247 598 2308 dum
613 2244 739 2307 interdiu
759 2259 817 2303 uon
832 2248 962 2318 possent,
982 2249 1066 2303 nocte
1086 2241 1124 2302 ed
1138 2239 1271 2300 lucernas
1286 2241 1483 2315 convenerint,
1505 2238 1576 2300 etad

418 2351 473 2413 bos
486 2366 566 2426 usus,
580 2351 683 2425 inquit,
699 2348 827 2409 candebs
841 2354 871 2408 et
884 2348 1072 2408 luminaribus
1087 2347 1131 2406 usi
1145 2349 1212 2406 sunt
1230 2351 1341 2406 veteres
1356 2346 1576 2420 christianiter
1639 2343 1640 2428 ᾗ

414 2461 449 2517 ut
462 2456 552 2531 stulti,
576 2455 688 2530 inquit,
713 2452 760 2514 die
781 2454 946 2528 gettlosenn
960 2452 1021 2513 und
1035 2451 1190 2513 siellosenn
1203 2451 1376 2526 Papistenn,
1400 2448 1514 2526 iaciunt,
1535 2449 1576 2524 qui

418 2560 499 2621 eluro
514 2561 588 2622 coelo
602 2575 701 2622 cerem
716 2557 883 2619 accendunt.
906 2559 980 2618 Item
995 2573 1051 2631 quo
1065 2557 1171 2618 ardore
1184 2562 1297 2617 veteres
1316 2556 1468 2616 christiani
1480 2559 1575 2628 marty·
1639 2573 1640 2618 ι

417 2667 492 2726 rium
507 2665 694 2740 appetierint,
710 2665 783 2725 adeo
796 2667 830 2723 ut
843 2663 931 2722 etiam
945 2679 1003 2723 non
1023 2663 1133 2724 euocati
1147 2677 1180 2722 se
1194 2664 1273 2736 ipsos
1285 2661 1446 2736 prodentes
1458 2675 1576 2722 accurre·
1639 2711 1640 2736 ,

417 2772 493 2843 rent,
509 2770 613 2842 vixque
627 2766 745 2828 tandem
759 2767 922 2828 christianis
943 2782 961 2826 e
977 2765 1164 2828 Constantino
1186 2783 1290 2841 magno
1312 2767 1379 2826 loca
1394 2767 1506 2842 publice
1519 2763 1577 2824 deta
1639 2767 1640 2850 ξ

416 2878 447 2934 et
462 2873 573 2947 templa
590 2875 745 2933 constituta
769 2889 845 2947 esse,
865 2874 897 2931 iu
917 2872 1035 2947 quibus,
1056 2873 1161 2947 inquit,
1197 2870 1312 2932 christo
1332 2870 1438 2932 laudes
1453 2871 1575 2943 dicerent
1639 2853 1640 2898 ³

415 2977 576 3038 doctrinam
596 2977 782 3052 apostolicam
802 2977 941 3038 docerent
959 2983 988 3050 et
1014 2977 1243 3038 recordationem
1266 2978 1367 3037 mertis
1389 2976 1532 3038 dominice
1551 2975 1576 3032 iu
1639 2993 1640 3036 ῖ

414 3081 633 3156 participatione
652 3082 735 3155 panis
755 3087 785 3141 et
802 3082 898 3142 culicis
913 3081 1116 3143 celebrarent..
1155 3082 1201 3141 Ne
1215 3083 1313 3158 igitur,
1335 3083 1387 3158 ait,
1411 3078 1574 3155 despondea-
1639 3071 1640 3158 J

417 3201 482 3245 mus
496 3192 527 3247 et
540 3203 593 3248 nos
607 3188 733 3247 enimum
749 3186 779 3265 (o
793 3187 897 3261 pusille
912 3184 1006 3262 grex),
1026 3203 1092 3248 nam
1116 3187 1196 3249 debit
1209 3187 1288 3246 Deus
1303 3187 1347 3246 bis
1363 3201 1479 3262 qnoque
1491 3183 1574 3245 finem.
1639 3211 1640 3266 3

418 3287 491 3352 Item
504 3305 617 3366 semper
631 3293 686 3366 piis
702 3291 837 3366 doluisse,
852 3289 931 3366 buod
944 3291 1075 3353 viderent
1092 3292 1223 3366 pessimis
1237 3291 1399 3352 bominibus
1422 3307 1488 3352 suos
1501 3305 1574 3350 cona·
1639 3271 1640 3302 ²

415 3401 464 3456 tus
479 3402 511 3456 et
524 3396 713 3470 appetitiones
728 3397 834 3470 optime
848 3396 960 3472 cedere,
992 3395 1065 3456 adeo
1079 3402 1113 3455 ut
1127 3396 1213 3456 etiam
1226 3396 1345 3456 Doridis
1364 3411 1418 3469 pes
1432 3398 1464 3456 in
1476 3397 1527 3456 hac
1538 3393 1573 3452 lu·

415 3501 549 3561 brieitate
567 3515 642 3574 pene
660 3501 759 3575 lapsus
780 3499 876 3561 fuerit.
914 3502 949 3563 Id
970 3502 1064 3575 ipsum
1079 3516 1192 3574 quoque
1207 3516 1225 3560 s
1239 3501 1316 3564 Hiob
1339 3506 1371 3561 et
1383 3501 1509 3561 Ieremia
1521 3513 1574 3558 cun

414 3606 479 3666 aliis
492 3605 588 3666 multis
602 3605 667 3666 Deo
681 3606 855 3667 charissimis
869 3605 1000 3680 patribus
1016 3612 1201 3680 conquestum
1223 3623 1293 3668 esse.
1333 3606 1478 3680 Oportere
1491 3609 1572 3666 autem
1639 3595 1640 3624 l

413 3726 478 3772 cnm
496 3709 554 3771 lide
568 3716 598 3770 et
612 3727 663 3784 spe
683 3716 836 3785 expectare
855 3710 1014 3787 dominum,
1040 3713 1089 3785 qui
1108 3726 1175 3770 suos
1190 3711 1307 3771 taudem
1322 3711 1571 3782 eruetevebetque.

414 3814 553 3887 Exemplo
577 3820 645 3873 sunt
658 3815 769 3890 Ioseph
783 3817 923 3878 nutricius
940 3817 1043 3875 Maris
1058 3816 1176 3890 virginis
1193 3807 1222 3875 'et
1235 3817 1318 3890 pueri
1325 3815 1407 3892 Jesu,
1423 3817 1472 3892 qui
1486 3827 1571 3888 quam-

414 3935 501 3992 quam
520 3920 610 3978 multa
630 3920 824 3982 intolerabilia
843 3923 873 3980 in
894 3920 1027 3996 Aegypto
1047 3921 1177 3994 perpessi
1191 3925 1266 3996 sunt,
1289 3938 1347 3982 non
1361 3919 1571 3988 murmurarunt,

414 4023 466 4082 sed
481 4039 592 4084 summa
606 4024 747 4096 patientie
762 4030 965 4100 expecierunt,
989 4026 1081 4087 donec
1101 4025 1218 4086 oraculo
1232 4027 1333 4086 moniti
1348 4025 1378 4086 in
1393 4023 1520 4086 Judeam
1532 4036 1570 4079 re
1639 4005 1640 4082 ?

413 4129 488 4189 verti
500 4127 680 4202 juberentur.
704 4129 777 4189 Item
791 4131 921 4205 exemplo
935 4131 1043 4205 Josepb
1058 4147 1111 4191 nos
1125 4131 1282 4206 prudentes
1297 4145 1360 4190 esse
1375 4134 1506 4205 oportere
1519 4139 1569 4184 mo

414 4235 486 4310 nuit,
502 4234 551 4308 qui
566 4249 730 4308 quanquam
744 4235 782 4295 ab
796 4235 898 4311 angelo
909 4237 1007 4310 jussus
1022 4234 1111 4296 fuerit
1123 4235 1291 4297 inJudaeam
1304 4221 1443 4311 remeare,
1459 4239 1570 4296 utmmeu

413 4340 444 4401 in
457 4339 513 4400 boc
527 4344 627 4400 saneta
641 4338 795 4414 prudentia
808 4357 886 4415 usus,
905 4357 943 4401 ne
960 4357 1023 4403 eam
1045 4342 1239 4416 tetrarchiam,
1261 4344 1306 4402 cui
1319 4341 1470 4402 Archilnus
1483 4334 1568 4414 preni-

413 4442 508 4519 debat,
524 4445 661 4519 intraret,
681 4445 706 4504 si
731 4462 766 4506 ex
785 4446 840 4506 hoc
860 4446 989 4520 exemplo
1010 4447 1193 4507 christianam
1215 4446 1398 4521 prudentiam
1412 4446 1568 4505 disceremus

413 4548 530 4621 docens,
545 4554 579 4608 ut
592 4554 689 4608 tamen
702 4552 894 4611 temeritatem
909 4557 939 4612 et
953 4552 1192 4626 praecipitantium
1201 4553 1369 4612 niteremur.
1394 4553 1465 4611 Item
1478 4544 1567 4608 drobi·

414 4652 492 4712 laum
506 4651 594 4712 luisse
608 4651 699 4712 filium
712 4655 839 4715 Herodis
853 4657 965 4730 magni,
987 4673 1133 4732 nunquam
1151 4661 1248 4716 tumen
1272 4674 1336 4716 eum
1350 4655 1487 4731 dignitate
1500 4648 1567 4723 regin

415 4754 691 4831 iusignitnmfuisse.
731 4759 807 4821 Huic
820 4752 942 4820 Pontius
957 4761 1068 4822 Pilatus
1083 4763 1219 4824 successit
1233 4767 1287 4824 etc
1324 4763 1396 4823 Item
1415 4761 1519 4823 locutus
1530 4755 1566 4813 est
