3700 5692
972 726 1036 803 let

500 920 550 995 xiij
570 919 650 979 Junil
673 920 704 980 in
731 918 839 995 templo
860 916 993 983 Memitii
1019 921 1152 981 iuvoosto
1178 921 1409 998 nominedivino
1430 918 1561 983 Musonius

413 1024 476 1086 hoec
489 1026 578 1088 verbe
591 1027 664 1101 legit
678 1026 800 1088 loannis
817 1025 874 1085 15:
901 1026 992 1086 »Haec
1005 1027 1141 1101 precipio
1155 1027 1249 1103 vobis,
1265 1034 1298 1088 ut
1316 1026 1439 1105 diligetis
1452 1044 1500 1091 uos
1511 1044 1561 1087 mu·

410 1138 472 1209 tuo,
488 1135 513 1192 si
527 1132 650 1193 mundus
664 1150 716 1195 uos
731 1134 807 1209 odit,
830 1134 908 1194 scitis
929 1132 1008 1207 quod
1026 1150 1072 1193 me
1095 1134 1177 1209 prius
1192 1147 1278 1208 quem
1292 1149 1343 1195 uos
1357 1135 1423 1195 odio
1436 1133 1560 1209 hebuerit,

410 1239 436 1298 si
451 1238 487 1299 de
501 1239 609 1299 mundo
628 1236 768 1315 fuissetis,
793 1238 915 1300 mundus
931 1240 1008 1314 quod
1034 1256 1116 1299 suum
1135 1244 1180 1301 est
1199 1240 1341 1316 diligeret,
1367 1240 1514 1315 quievero
1532 1238 1561 1299 de

410 1345 590 1429 mundonem
605 1345 689 1420 estis,
710 1344 763 1406 sed
777 1360 831 1419 ego
846 1344 920 1419 elegi
934 1360 985 1405 vos
1000 1344 1036 1405 de
1050 1344 1171 1421 mundo,
1192 1352 1346 1421 propterea
1360 1347 1423 1408 odit
1434 1362 1483 1407 sos
1494 1362 1562 1409 mm·

411 1451 485 1512 dos«
503 1458 556 1512 etc.
595 1450 652 1510 Hic
667 1452 772 1511 docens
787 1449 933 1510 Christum
947 1450 1092 1511 dominum
1115 1453 1151 1511 iis
1165 1454 1262 1515 uerbis
1280 1452 1427 1530 discipulis
1439 1452 1509 1513 idem
1521 1468 1561 1513 uo-

410 1559 497 1617 luisse
511 1558 653 1631 indicarc,
670 1556 748 1631 quod
761 1556 842 1632 prius
857 1573 906 1617 eos
921 1562 1086 1634 monuerat,
1104 1559 1166 1633 jem
1180 1560 1267 1620 tertio
1282 1559 1339 1621 illis
1354 1560 1524 1636 precipiens,
1537 1563 1563 1617 ut

410 1669 509 1723 mutuo
523 1680 555 1723 se
570 1664 737 1738 diligerent,
754 1662 904 1724 deindeut
917 1665 1127 1741 recogitarent,
1144 1666 1221 1739 quod
1235 1680 1286 1727 ecs
1300 1664 1409 1741 ubsque
1423 1680 1515 1727 eorum
1525 1664 1563 1724 sol

410 1770 548 1843 petitione
562 1771 609 1830 vel
622 1770 727 1831 merito
742 1769 871 1844 elegerit.
908 1768 955 1829 Ne
969 1769 1057 1845 igitur
1072 1770 1109 1832 ob
1124 1768 1270 1831 christum
1284 1768 1430 1831 dominum
1443 1766 1563 1831 ommdo

410 1878 545 1951 persequi
559 1862 763 1950 detrectarent,
779 1892 844 1934 cum
857 1876 965 1935 scirent
978 1876 1016 1936 eb
1029 1876 1114 1937 initio
1130 1876 1231 1937 muudi
1244 1892 1358 1951 semper
1373 1878 1436 1951 pios
1449 1876 1485 1937 sb
1498 1872 1564 1935 udul-

409 1988 473 2042 tero
494 1982 549 2043 hoo
568 1980 675 2041 mundo
695 1983 819 2057 pessime
841 1989 871 2043 et
892 1986 1027 2057 necepsos
1048 1987 1079 2042 et
1102 1982 1230 2058 habitos,
1258 1988 1290 2043 ut
1311 1982 1443 2057 exemplo
1457 1980 1564 2040 suuttdt

409 2088 615 2164 prophetarum
629 2095 737 2149 mortes
751 2094 781 2149 et
795 2089 891 2150 clades
905 2090 1028 2164 piorum.
1052 2087 1131 2149 Dicit
1144 2090 1251 2165 itaque,
1267 2090 1293 2149 si
1306 2088 1431 2149 mundus
1444 2104 1492 2149 vos
1506 2084 1563 2159 odit,

409 2200 440 2254 et
453 2196 555 2255 vocula
570 2196 676 2269 odium,
691 2196 785 2269 inquit
798 2194 956 2270 Musculus,
974 2199 1019 2255 est
1033 2196 1164 2270 opposite
1180 2194 1324 2257 dilectioni
1344 2202 1376 2257 et
1389 2210 1436 2255 res
1451 2190 1564 2269 quedem

408 2298 633 2375 ferventissims3
651 2303 700 2375 qui
714 2303 802 2362 111111
815 2319 875 2362 111
889 2316 971 2375 seque
986 2306 1072 2377 emet,
1089 2302 1224 2362 istemen
1233 2300 1385 2361 nihilmeli
1400 2302 1430 2360 in
1445 2316 1504 2360 eum
1516 2312 1565 2357 me

408 2408 479 2467 litor
494 2411 675 2485 eut'cogitet.
698 2410 739 2469 At
754 2411 803 2483 qui
818 2409 892 2485 odit,
913 2410 939 2468 is
955 2424 1052 2468 omnes
1074 2406 1161 2466 'enimi
1169 2404 1283 2468 nervos‘
1293 2408 1324 2467 in
1337 2406 1396 2467 hoc
1409 2403 1532 2479 intendit,
1545 2402 1565 2460 si

410 2532 477 2592 que,
493 2533 577 2591 quem
591 2518 661 2576 velit
673 2518 812 2592 periisse,
838 2516 914 2575 melo
938 2512 1054 2575 efficere
1068 2514 1167 2588 possit.
1204 2514 1363 2575 licentem
1386 2513 1425 2573 ob
1439 2510 1564 2573 consero

410 2620 587 2682 odioheberi
597 2622 726 2697 discipuli
739 2620 870 2683 ecelbius
879 2622 949 2696 quid
964 2621 1112 2694 ducerent,
1129 2618 1260 2680 dominus
1271 2620 1364 2696 addit,
1383 2612 1563 2692 »1111111111-

410 2744 456 2787 me
469 2729 551 2803 prius
566 2726 632 2788 edio
647 2728 783 2789 hebuerit
796 2728 950 2803 mundus«,
966 2727 1039 2786 sicut
1054 2730 1084 2785 et
1099 2724 1229 2785 Christus
1251 2720 1323 2786 elius
1338 2722 1565 2786 clusinensi:
1627 2798 1631 2817 Ι

412 2831 500 2893 »Nou
513 2838 610 2908 potest
620 2834 743 2894 mundus
755 2836 850 2895 odisse
864 2853 925 2910 vos,
942 2814 988 2893 me
1003 2837 1099 2892 sutem
1114 2831 1183 2907 odit,
1196 2832 1245 2906 qui
1260 2831 1456 2892 testimonium
1468 2828 1526 2889 iero
1538 2822 1567 2885 de

409 2939 469 3014 illo,
479 2940 720 3015 quodcperoejus
729 2943 911 3005 multisunt«
928 2940 1269 3013 Voesruntqucqueeum
1276 2930 1567 3019 Sumsritenumetqui

410 3044 553 3107 daemonie
561 3048 716 3121 ejiceretin
725 3046 979 3122 digitoBeelzebub
989 3045 1126 3119 principis
1131 3042 1337 3104 demoniorum
1342 3044 1469 3104 clament
1475 3044 1523 3101 otc.
1536 3036 1568 3097 lit

411 3166 534 3224 quonum
542 3152 578 3212 de
586 3155 723 3213 conscita
731 3152 796 3214 odio
805 3150 1016 3225 tueritmundo,
1026 3148 1373 3224 videlicetobveritotem,
1383 3164 1447 3224 quse
1455 3143 1566 3224 profecto
1638 3198 1639 3207 ,

409 3256 567 3317 illieccrbs
582 3264 635 3319 est.
658 3260 734 3320 Nem
749 3259 826 3335 qnod
841 3258 971 3319 Christus
986 3259 1116 3333 leprosos
1131 3256 1292 3331 mundaret,
1315 3259 1443 3331 egrotos
1452 3254 1566 3323 suomet,

410 3379 515 3437 equum
528 3365 559 3423 in
572 3365 669 3425 sinum
678 3370 812 3441 meteret,
828 3371 858 3426 et
873 3364 1015 3439 ejusmodi
1023 3363 1117 3424 omnis
1131 3362 1268 3423 mmeculs
1281 3359 1360 3422 ferre
1368 3364 1528 3437 potueruut,
1541 3368 1566 3415 se

408 3485 478 3530 vero
487 3470 594 3544 corripi
609 3474 638 3530 et
653 3471 798 3531 cicetricds
813 3470 940 3531 ulcerum
948 3467 1086 3533 ,refricari
1099 3472 1129 3529 et
1143 3468 1312 3529 nnuunoieri
1325 3469 1487 3541 ueritatem,
1496 3452 1567 3524 susti'·

409 3590 480 3634 nere
495 3592 553 3635 non
568 3580 713 3651 poterant,
729 3577 850 3652 perinde
865 3572 993 3636 ochodie
1003 3574 1265 3649 evenirevidemus,
1280 3588 1380 3633 omnes
1394 3568 1583 3639 cerimonias*

348 3749 351 3755 y
410 3693 595 3756 quoscunque
609 3683 702 3743 cultus
717 3682 829 3743 divinos
844 3680 967 3741 mundus
982 3679 1092 3754 suffert,
1115 3679 1194 3753 qued
1208 3684 1303 3741 eutem
1318 3690 1355 3740 ex
1371 3678 1461 3742 verbo
1474 3672 1566 3737 domini

408 3787 560 3847 vemtetem
581 3788 638 3848 illis
658 3789 814 3870 loquimur,
835 3790 889 3849 hoo
909 3802 1089 3861 concoquere
1110 3784 1214 3845 crudus
1237 3785 1337 3845 mundi
1352 3784 1565 3846 stomachosus·
1638 3840 1639 3843 ,

410 3894 480 3965 quit
505 3892 685 3954 Sententiam
700 3910 851 3971 quoques.
870 3891 1008 3966 cypriani
1023 3892 1158 3967 adduxit,
1175 3908 1233 3966 qus
1247 3891 1472 3965 demonstravit,
1494 3898 1566 3961 quim
1638 3892 1639 3953 ἕ

408 3994 493 4055 isoile
506 3992 637 4059 homines
651 4002 757 4061 veritos
773 3996 899 4059 offendet
920 3996 984 4074 (sed
998 4014 1061 4057 eam
1081 4012 1183 4071 cepere
1207 4011 1265 4056 non
1279 3997 1362 4070 potul
1378 3996 1417 4057 ob
1430 3993 1566 4069 strepitum
1638 4008 1639 4065 ι

406 4106 627 4179 tympanorum,
651 4120 718 4164 nom
738 4104 791 4166 sub
812 4104 956 4164 concionis
977 4104 1078 4165 horem
1099 4114 1212 4176 semper
1230 4100 1294 4163 iere
1310 4100 1452 4196 ejusmodi
1466 4090 1566 4173 quidit
1638 4088 1639 4141 l

409 4206 487 4283 etc..)
512 4208 569 4269 Sed
584 4209 662 4271 dices
676 4209 766 4285 forte,
789 4210 892 4271 durum
907 4216 1003 4270 cutem
1024 4214 1069 4269 est
1088 4224 1106 4269 e
1128 4208 1235 4268 mundo
1249 4210 1402 4283 prosequi,
1422 4200 1566 4281 presertim

408 4327 472 4372 oum
486 4313 559 4373 nihil
571 4316 641 4376 meli
654 4316 773 4375 moritus
788 4316 838 4398 sis,
854 4315 906 4376 sed
920 4321 999 4375 certe
1014 4315 1097 4375 nimis
1114 4315 1229 4375 delicati
1244 4331 1307 4400 esse
1321 4314 1459 4389 velimus,
1474 4326 1498 4369 si
1490 4302 1566 4367 'odic

407 4418 509 4480 heberi
523 4421 656 4497 nolimus,
671 4427 861 4496 posteaquem
883 4421 1014 4481 dominus
1036 4423 1098 4496 ipse
1113 4425 1143 4481 et
1157 4393 1284 4481 salvator
1298 4424 1399 4479 noster
1412 4422 1471 4479 tem
1485 4410 1565 4490 perri·-

408 4524 505 4585 oidicli
521 4527 587 4586 odio
602 4545 620 4589 e
634 4529 741 4590 mundo
756 4534 924 4602 prosecutus
939 4525 1035 4587 fuerit.
1074 4526 1151 4585 Dum
1166 4526 1262 4586 antem
1276 4524 1415 4585 mundum
1430 4523 1505 4596 dicit,
1517 4528 1566 4577 nou

407 4628 461 4689 hos
475 4631 599 4712 vel'illos
613 4632 753 4709 homines,
769 4649 827 4694 uon
840 4632 917 4693 hunc
928 4632 1057 4693 ordinem
1071 4637 1122 4692 eut
1136 4632 1222 4691 istum
1236 4636 1350 4706 statum,
1367 4630 1422 4691 sed
1437 4620 1566 4691 omuesin

408 4737 572 4796 uniuersum
590 4738 718 4799 homines
738 4737 968 4812 comprehendit,
993 4739 1155 4811 quicunque
1178 4752 1236 4797 non
1256 4737 1293 4798 ob
1309 4735 1455 4797 Christum
1473 4723 1566 4790 mundo

410 4846 440 4900 et
453 4843 689 4917 concupiscentiis
705 4844 766 4919 ejus
780 4841 959 4905 renunciant.
999 4842 1069 4903 Vult
1083 4842 1159 4904 enim
1174 4839 1315 4917 Christus,
1330 4841 1400 4917 quie
1413 4853 1466 4903 nos
1479 4831 1565 4907 elegit
1638 4856 1639 4865 ¹
