3700 5692
935 720 1008 790 als

388 912 516 973 carmine
529 909 700 970 nobilitavit.
731 908 788 968 Uni
804 908 939 982 uinoque
954 906 1009 968 deo
1023 906 1068 966 sit·
1075 903 1171 967 1115515
1184 905 1326 981 potestas!
1350 905 1504 969 Gorhaohii
1520 911 1559 969 29

389 1018 499 1092 Aprilis
513 1018 543 1075 in
560 1016 671 1090 capella
685 1014 807 1074 Nicolui.

477 1122 664 1182 Franciscum
683 1118 773 1179 filium
797 1126 827 1179 et
848 1119 1058 1179 Elinabctnlsm
1081 1116 1170 1177 filiam
1193 1122 1322 1179 55511515
1342 1118 1563 1195 benignissimus

390 1230 462 1289 deus
481 1229 512 1287 in
529 1227 707 1300 mansiones,
736 1226 773 1285 de
792 1226 895 1300 quibus
915 1228 1048 1285 seruator
1066 1228 1181 1299 noster,
1205 1223 1336 1283 dominus
1358 1231 1458 1287 noster
1476 1228 1563 1287 lesus

391 1335 519 1395 Christus
546 1331 737 1392 indubitatam
756 1332 838 1392 nobis
859 1347 939 1404 spem
962 1328 1045 1404 fecit,
1067 1331 1193 1405 recepit,
1210 1345 1293 1390 soror
1306 1330 1426 1391 nobem
1441 1346 1500 1391 unc
1516 1334 1563 1393 die

391 1458 427 1501 ex
440 1440 495 1499 bac
514 1439 705 1511 lacrymarum
723 1437 798 1498 valle
818 1436 984 1497 excedendo
1003 1436 1163 1513 praecessit,
1189 1436 1359 1495 Fhandscus
1383 1440 1400 1495 7
1416 1436 1520 1497 Martii
1535 1439 1565 1499 in

392 1546 507 1607 cbristo
521 1544 607 1619 obiit,
629 1544 713 1604 ambo
733 1545 763 1603 in
782 1544 903 1603 ecclesia
920 1540 1080 1617 parochiali
1094 1540 1237 1601 Waldech
1255 1540 1456 1615 inpraesentia
1470 1542 1565 1603 Annae

392 1655 622 1725 materterarum,
638 1655 774 1725 nepotum
789 1656 818 1709 et
832 1648 981 1721 utriusque
1001 1647 1130 1720 parentis
1145 1651 1231 1705 terrae
1246 1646 1430 1722 mandantur,
1446 1665 1521 1723 quos
1534 1651 1565 1710 in

391 1757 604 1817 resurrectione
623 1756 710 1815 beata
728 1771 830 1815 rursus
844 1751 943 1812 videre
957 1752 1039 1811 nobis
1054 1752 1095 1825 is,
1111 1753 1142 1811 in
1156 1753 1237 1827 cnjus
1251 1768 1339 1811 manu
1352 1754 1414 1813 vita
1426 1760 1457 1814 et
1472 1757 1565 1815 exitus

392 1863 492 1923 mortis
507 1867 583 1934 sunt,
600 1860 697 1921 donet.
719 1859 805 1919 hnno
820 1858 927 1918 domini
945 1857 1039 1917 1551.
1077 1856 1217 1917 Η555155
1231 1856 1377 1931 55555115
1392 1862 1564 1935 5515551111-

391 1969 483 2027 vitate
497 1971 556 2025 155
571 1964 728 2025 christiam
741 1966 870 2040 scripsit,
890 1962 1230 2037 1555111515511511551155
1245 1978 1261 2021 5
1275 1962 1453 2039 Bidencsplo
1468 1968 1567 2027 oriun-

392 2073 446 2133 dns
460 2078 548 2149 poeta
561 2072 593 2130 in
607 2072 724 2131 domino
738 2068 921 2129 obdormiens
936 2068 1040 2129 eodem
1052 2085 1128 2129 auno
1142 2075 1339 2144 praecesserat.

482 2178 595 2237 Pietate
615 2180 646 2235 et
666 2173 797 2235 doctrina
815 2174 1068 2249 praestantissimus
1086 2174 1228 2248 medicus,
1252 2174 1352 2235 doctor
1376 2175 1567 2251 Burghardns

392 2282 560 2355 Mithobius,
576 2299 595 2341 a
609 2283 695 2355 longe
708 2280 888 2355 prospiciens
903 2285 1042 2353 quantum
1055 2279 1195 2339 maloram
1214 2294 1296 2339 mare
1309 2280 1477 2354 reipublicae
1492 2283 1568 2342 chri·

392 2390 494 2451 stianae
508 2404 577 2449 vere
591 2388 707 2462 piorum
726 2390 756 2445 et
775 2385 924 2445 doctorum
938 2386 1067 2445 virorum
1081 2400 1158 2445 mors
1172 2385 1296 2461 invehat,
1321 2388 1371 2460 qui
1385 2387 1566 2463 5115515515-

397 2497 469 2555 simo
485 2494 540 2555 deo
554 2498 639 2567 patre
660 2496 798 2565 tanquam
816 2489 981 2550 1115511551
996 2496 1025 2549 51
1046 2490 1090 2549 illi
1103 2491 1262 2549 charissimi
1276 2508 1295 2551 a
1308 2490 1381 2552 facie
1395 2494 1516 2553 malitiae
1533 2512 1569 2555 ex

393 2597 569 2661 boemundo
589 2598 745 2670 tolluntur,
769 2612 806 2655 ne
828 2595 947 2657 11115551
961 2598 1137 2657 calamitates
1152 2601 1182 2655 et
1195 2598 1339 2671 miserias,
1355 2616 1428 2673 quas
1441 2600 1567 2675 ingrati·

391 2706 463 2767 tudo
478 2708 509 2765 51
522 2704 651 2763 enormia
669 2702 780 2762 scelera
799 2705 900 2761 555155
916 2702 949 2760 15
971 2716 1023 2761 nos
1038 2708 1199 2778 occursent,
1215 2702 1278 2763 haee
1292 2704 1330 2763 ad
1344 2720 1397 2766 nos
1412 2720 1429 2763 e
1445 2704 1569 2766 Cassilia

395 2812 434 2887 xij
449 2810 558 2884 Aprilis
573 2825 650 2869 anno
669 2809 752 2867 1549
767 2808 949 2882 perscripsit:
972 2808 1056 2866 Vitns
1072 2804 1242 2868 Theodorus
1262 2808 1381 2869 sabbato
1401 2815 1470 2884 post
1484 2811 1569 2871 Oculi

392 2918 470 2978 uiam
483 2916 626 2974 universe
640 2915 735 2973 carnis
749 2914 897 2988 ingressus
910 2915 942 2971 et
958 2912 1058 2972 doctor
1073 2911 1244 2987 crucigerus
1262 2913 1481 2989 Wittcmhergae
1497 2917 1569 2977 obiit
1663 2942 1664 2965 1

395 3027 449 3087 515
472 3022 574 3094 Parce,
590 3036 652 3093 oro,
667 3034 754 3093 parce
767 3018 875 3093 populo
888 3024 950 3093 tuo,
966 3033 983 3076 5
999 3017 1122 3079 domnoc.
1522 3078 1524 3081 ,

483 3125 569 3185 Anno
589 3123 745 3184 salutiferae
765 3124 971 3199 redemptionis
990 3128 1097 3183 nostrae
1120 3124 1203 3183 1549
1221 3124 1274 3184 'dle
1292 3140 1362 3184 uero
1389 3124 1569 3185 151155551-

397 3231 458 3291 bris
477 3232 582 3290 timore
602 3229 718 3289 15511515
736 3231 973 3290 christianissima
995 3230 1128 3304 princeps
1150 3228 1295 3291 Ohristina
1312 3246 1419 3305 magna
1441 3233 1568 3292 omnium

393 3339 535 3399 bonorum
549 3336 649 3396 dolore
665 3334 794 3395 Cassilioe
809 3336 885 3395 diem
899 3335 1002 3395 clausit
1017 3339 1189 3408 extremum,
1211 3337 1364 3410 quainter
1379 3342 1493 3397 ceteras
1508 3340 1566 3399 sir·

393 3448 470 3505 tutes
485 3443 534 3501 vix
549 3440 701 3502 credibiles
715 3442 876 3516 exemplum
891 3442 1039 3517 patientia
1054 3438 1192 3501 exhibuit.
1215 3442 1290 3501 Filia
1303 3441 1359 3503 1511
1371 3444 1435 3502 11155
1449 3442 1568 3519 Georgii

395 3549 540 3609 85555551
554 3526 647 3620 (15515,Ι
660 3546 834 3606 marchionis
849 3545 973 3620 Misniae,
990 3544 1163 3620 landtgravii
1178 3546 1354 3621 Thuringise.
1392 3548 1471 3609 Huic
1484 3566 1566 3610 sanc-

366 3728 371 3736 ,
393 3654 511 3713 tissima
525 3655 628 3727 patriae
641 3654 730 3712 metm
745 3652 896 3727 Philippus
911 3651 1061 3711 Ostiorum
1079 3652 1227 3727 princeps,
1250 3668 1344 3713 comes
1363 3652 1566 3716 0555551115-

395 3760 457 3834 oiae,
471 3760 519 3817 cui
533 3774 713 3818 numerosam
736 3758 849 3833 prolem
862 3758 1013 3830 utriusque
1028 3772 1113 3816 senus
1127 3758 1259 3832 reliquit,
1284 3759 1405 3818 maritus
1421 3758 1567 3821 Oddeusu

395 3863 479 3925 modo
501 3865 533 3922 in
552 3864 686 3923 custodia
707 3863 840 3923 detentus
867 3880 932 3922 cnm
953 3863 1083 3924 omnibus
1106 3864 1161 3937 piis
1188 3864 1301 3924 beatam
1325 3867 1565 3925 resurrectionem

395 3972 486 4045 optat.
509 3969 577 4028 iiiii
591 3986 628 4028 en
641 3970 696 4030 hoc
710 3971 814 4030 marito
829 3969 924 4031 adhuc
937 3969 1107 4044 superstites
1122 3968 1363 4030 suntGuilichnus
1378 3978 1450 4031 natu
1465 3974 1565 4047 major,

395 4072 566 4148 Ludonicns,
582 4074 732 4149 Philippus
746 4080 778 4134 et
791 4073 942 4149 Georgius,
959 4074 1023 4133 dnae
1037 4072 1105 4138 filie
1119 4072 1225 4149 Agnes,
1241 4076 1380 4135 Mauricio
1397 4075 1472 4137 dnci¹
1480 4078 1567 4137 Saxo·

363 4255 365 4264 Ι
391 4171 451 4239 “nis
466 4176 585 4239 electori
605 4179 644 4257 (si
657 4179 712 4238 diis
727 4180 835 4254 placet)
856 4185 962 4255 nupta,
985 4180 1074 4255 digna
1088 4182 1207 4241 meliore
1221 4179 1351 4256 1511555,
1371 4180 1459 4241 Anna
1474 4181 1564 4243 Woii·

395 4286 483 4362 gergi
505 4286 586 4346 ducis
603 4286 724 4359 palatini
742 4286 773 4343 in
793 4284 964 4358 Zuehruck,
989 4286 1099 4345 comitis
1120 4287 1150 4345 in
1169 4287 1309 4347 Veldentn
1332 4302 1420 4363 uxor,
1447 4288 1565 4362 reliquae

395 4390 590 4451 1555111111.
606 4390 699 4450 adhuc
713 4390 768 4449 sub
781 4389 940 4450 nutricibus
956 4391 1072 4464 degunt
1096 4392 1242 4451 Memento
1258 4392 1424 4467 aliquando,
1441 4393 1563 4466 domine,

395 4497 599 4557 misericordiae
611 4501 670 4556 tuae
685 4500 716 4556 51
726 4494 888 4555 afflictionis
897 4494 999 4556 domus
1007 4495 1155 4557 Ostiorum
1166 4498 1251 4570 juxta
1260 4499 1467 4573 benignitatem
1475 4503 1563 4571 tuam,

304 4664 306 4668 .
395 4608 427 4662 et
439 4601 495 4661 hcc
506 4608 627 4677 propter
640 4604 740 4662 Jesnm
755 4600 900 4661 Christum
914 4600 1004 4664 tillon
1017 4607 1107 4662 tunm.
1138 4602 1240 4663 Amen.
1363 4678 1375 4709 ι

607 4746 660 4795 Hic
680 4744 812 4795 christina
825 4745 904 4809 jacet,
923 4746 1015 4811 genuit
1033 4762 1110 4811 quam
1130 4748 1235 4799 Saxona
1252 4746 1337 4812 tellus,

642 4834 795 4886 Consortem
813 4834 930 4900 thalami,
949 4836 1020 4887 clarc
1038 4834 1170 4903 Philippo,
1187 4836 1232 4887 tui.
1250 4856 1252 4861 ·
