3700 5692
737 1636 963 1737 soreres,

280 1773 356 1853 ool
380 1769 534 1838 RERUM
558 1765 766 1836 Borlthm
792 1765 955 1832 rhosos
985 1765 1041 1833 ΕΤ
1069 1765 1185 1834 v1r1l
1210 1767 1421 1848 QUAEDAM

563 1871 716 1941 socom
737 1871 1133 1941 Possrsmoorlros.

785 1980 908 2063 (ross.)

357 2139 520 2208 Sollicitos
543 2137 676 2206 volvens
699 2141 821 2202 moesto
845 2138 904 2203 suh
927 2142 1059 2218 pectore
1080 2157 1175 2206 curos

356 2243 578 2329 Thespiadum
602 2261 734 2326 praeses
759 2241 903 2310 Cirrhaei
926 2244 960 2309 io
985 2244 1103 2312 vertice
1126 2246 1244 2312 montis

359 2353 475 2418 ordine
499 2351 672 2433 dispositos
695 2351 789 2416 iussit
811 2349 978 2416 considere
1005 2349 1110 2429 divas3

359 2465 429 2524 tum
453 2455 609 2522 citharam
630 2455 765 2536 proiecit
788 2453 876 2520 humi
897 2455 1088 2537 laurumque
1111 2453 1235 2536 capillis

333 2579 528 2634 seroussem
551 2561 699 2628 lacerans
723 2560 772 2626 his
795 2561 927 2628 vocibus
950 2578 1008 2626 oro
1030 2560 1176 2628 resolvit:

402 2669 471 2734 lom
496 2665 728 2732 conclamatum
752 2683 835 2749 pene
859 2671 924 2732 est:
944 2667 1012 2748 jem
1036 2673 1157 2748 nostre,
1182 2683 1309 2732 sorores

363 2774 512 2854 hconioe,
537 2790 554 2838 e
576 2773 666 2838 tenui
690 2771 852 2854 dependet
874 2771 977 2853 glorio
998 2770 1059 2852 filo,

362 2887 394 2947 el
415 2898 476 2963 per
498 2881 547 2944 tot
570 2883 657 2944 caste
681 2884 828 2944 servatus
852 2878 962 2944 secula
984 2877 1076 2946 nohis

362 2984 570 3069 praecipitem
594 2983 760 3050 minitetur
783 2983 885 3050 honos
907 3003 946 3050 ac
967 2981 1055 3050 lema
1075 2983 1213 3063 ruinam,

327 3109 398 3160 rocx
421 3111 486 3174 quo
509 3089 704 3156 MoenaHam
726 3088 788 3155 fuit
810 3107 908 3156 ausus
931 3107 1059 3156 sumere
1080 3090 1201 3158 horum

368 3195 494 3284 Marsya
517 3193 743 3276 Chaoniosque
765 3192 846 3260 fides
869 3198 997 3260 tentore
1019 3192 1163 3277 profanis

363 3301 505 3368 insulsus
528 3298 647 3364 Bovius
670 3298 795 3380 digitis:
819 3299 894 3364 dum
919 3299 1051 3366 dissono
1074 3298 1200 3366 chordis

362 3425 422 3473 vox
445 3403 563 3471 stridet
585 3402 700 3470 durum
723 3408 756 3470 et
779 3403 970 3472 miserabile.
1016 3402 1155 3470 Cernitis
1175 3403 1277 3485 ipseo,

363 3516 486 3594 quante
507 3508 621 3576 cohors
642 3510 763 3591 passim
786 3515 896 3576 curret
916 3529 976 3592 per
998 3510 1145 3591 compito,
1168 3508 1224 3591 qui
1246 3526 1307 3574 nec

322 3635 350 3686 15
360 3615 449 3683 fonte
472 3612 631 3682 cohallino
654 3615 820 3682 tinxerunt
841 3616 935 3682 labra
958 3634 1018 3682 nec
1042 3631 1183 3697 uoqoom

363 3721 495 3788 fatidico
516 3720 553 3786 in
575 3717 670 3786 bifido
692 3721 845 3788 viderunt
867 3721 991 3788 sommia
1014 3720 1104 3799 colle,

364 3845 398 3894 se
421 3841 555 3908 magnos
578 3825 720 3906 gaudent
743 3831 852 3892 tomen
875 3825 1041 3908 appellare
1061 3829 1175 3907 poetas

364 3937 396 3998 et
418 3948 490 3998 sese
513 3929 670 3996 immerito
694 3930 829 3998 titillent
852 3931 981 3998 nomine
1005 3934 1123 3997 ratum.
1201 3929 1213 3952 ⁶

364 4037 432 4118 llis,
456 4036 571 4102 doctae
593 4031 724 4100 fuerent
746 4035 822 4102 olim
846 4053 929 4118 quae
950 4034 1096 4119 proemio
1117 4032 1226 4116 fronti,

321 4160 421 4225 ooper
443 4141 596 4209 stolidum
618 4146 754 4224 serpunt
775 4140 915 4208 hederae
939 4147 1049 4224 ceput:
1071 4140 1194 4208 innoba
1215 4140 1325 4206 lauros

365 4249 556 4316 obscoenam
580 4247 718 4314 scabiem
744 4252 776 4312 et
799 4247 902 4330 turpis
926 4247 1008 4328 legit
1028 4247 1137 4313 ulcera
1159 4245 1279 4312 calvae

407 4353 490 4434 fleu,
513 4355 666 4436 quolnom
690 4351 794 4433 piperi
818 4352 943 4418 tunicas
965 4351 1184 4433 scombrisque
1207 4349 1325 4413 deluto

367 4458 507 4524 carmine
529 4456 723 4536 scribuntur,
747 4456 884 4522 mediam
909 4457 1069 4539 replentis
1091 4454 1233 4522 chortam

365 4562 493 4630 immam
516 4557 627 4627 litulol
670 4559 742 4626 Non
764 4561 971 4642 persenohile
994 4565 1125 4628 cunctos

323 4667 422 4738 rohoc
444 4665 611 4736 cacoethes
633 4663 741 4746 hehet,
764 4665 936 4751 gliscitque
958 4684 998 4734 eo
1018 4662 1148 4748 publice
1169 4659 1271 4746 pestis

366 4773 398 4840 in
420 4777 545 4842 mentes
566 4770 741 4853 hominum,
763 4773 819 4856 qui
841 4771 887 4840 nil
909 4774 983 4841 sine
1005 4769 1147 4840 carmine
1168 4765 1257 4848 sehr,
