3700 5692
936 668 1003 738 2³0

379 860 457 918 rivos
472 872 613 931 equerum
628 853 774 916 deducunt
787 854 864 915 oculi
876 855 943 915 mei.
988 852 1198 927 Quemobrcm?
1213 856 1320 932 iuquit:
1335 857 1471 917 nimirum
1485 858 1548 933 quie

376 966 425 1025 lex
438 970 490 1025 tue
505 981 563 1025 non
577 963 756 1023 observetur.
779 961 886 1021 Docuit
900 976 1012 1036 quoque
1028 961 1098 1035 quid
1112 968 1196 1037 esset,
1219 963 1326 1023 domiui
1340 963 1450 1023 vultum
1465 979 1548 1037 snper

378 1086 431 1130 nos
446 1070 596 1142 illustreri,
619 1068 728 1127 seilicet
749 1068 834 1128 deum
854 1066 937 1127 nobis
953 1082 1015 1127 esse
1029 1068 1186 1141 propitium
1201 1073 1230 1127 et
1244 1084 1385 1144 seronem,
1410 1074 1443 1129 ut
1457 1069 1548 1143 loqui·

377 1191 456 1250 mur,
477 1173 601 1234 frontem
624 1190 655 1233 se
674 1174 758 1233 nobis
778 1173 944 1247 ostendere,
969 1174 1042 1231 sieut
1065 1178 1094 1232 et
1115 1174 1190 1233 elius
1205 1174 1330 1249 psalmus
1344 1174 1446 1235 hebet:
1471 1174 1550 1235 Deus

380 1281 549 1340 misereatur
564 1281 657 1340 nostri
672 1285 702 1339 et
714 1278 866 1340 benedicat
880 1278 973 1352 nobis,
984 1277 1125 1337 illuminet
1138 1275 1242 1339 ieciem
1256 1296 1337 1341 suem
1351 1296 1440 1355 super
1454 1298 1507 1343 nos
1522 1285 1551 1340 et

378 1388 550 1447 misereatur
564 1386 665 1447 nostri.
704 1385 826 1445 Dicebet
840 1399 955 1457 quoque
969 1384 1059 1444 verbe
1073 1381 1119 1443 dei
1134 1386 1365 1461 contestationes,
1384 1385 1552 1449 obtestetio·

380 1510 432 1553 nes
447 1497 477 1552 et
490 1493 654 1552 testimonie
673 1490 744 1565 dici,
766 1507 825 1549 nou
843 1505 896 1563 pro
916 1504 997 1549 mere
1022 1488 1183 1564 hominum,
1206 1490 1259 1551 sed
1280 1490 1358 1565 quod
1379 1488 1500 1551 verbum
1515 1490 1553 1550 sit

378 1600 473 1672 imego
488 1598 592 1658 mentis
608 1602 638 1656 ct
650 1596 795 1654 immense
815 1595 952 1655 bonitatis
972 1595 1019 1654 dei
1038 1596 1130 1670 petris
1149 1611 1220 1671 erge
1238 1612 1291 1656 nos
1306 1576 1552 1659 euidentissimum

377 1707 585 1780 argumentum.
625 1702 760 1761 Testetur
780 1705 876 1761 entem
898 1698 969 1760 deus
984 1698 1135 1775 dupliciter
1148 1718 1202 1775 per
1217 1702 1348 1778 exemplu
1361 1706 1395 1761 ut
1408 1698 1553 1762 benefecit

378 1810 484 1887 populo
499 1808 591 1868 Isreel
605 1813 636 1867 et
648 1822 702 1883 per
715 1807 867 1882 loquentes
880 1805 1047 1882 scriptores.

326 1985 329 1989 .
467 1914 590 1973 Domine
612 1912 683 1973 deus
701 1912 777 1973 boue
795 1911 959 1972 misericors
979 1916 1009 1971 ct
1025 1912 1118 1987 juste,
1146 1912 1282 1987 quonium
1295 1913 1381 1987 juxte
1394 1912 1510 1988 pselten
1525 1918 1554 1974 ct

379 2037 477 2095 regem
490 2025 572 2079 tuum
586 2018 725 2079 Doridem
741 2017 859 2078 verbum
877 2024 973 2092 tuum,
999 2017 1049 2077 nbi
1062 2017 1223 2079 revolutum
1236 2016 1339 2093 fuerit,
1363 2017 1553 2077 conscientias

380 2126 523 2187 exhilaret
542 2132 572 2185 et
594 2125 784 2199 simplicibus,
807 2124 866 2184 imo
888 2124 1016 2198 pernulis
1044 2128 1074 2183 et
1097 2124 1238 2198 despectis
1258 2124 1435 2185 intellectum
1454 2122 1507 2182 det
1525 2126 1554 2181 et

381 2233 535 2306 illuminet,
558 2247 596 2290 ue
618 2247 636 2291 e
655 2229 742 2291 corde
763 2236 793 2291 et
812 2246 862 2290 ore
880 2236 981 2290 nestro
1004 2230 1122 2291 verbum
1148 2235 1229 2289 tuum
1255 2228 1371 2290 euierre
1390 2230 1477 2303 velis,
1501 2244 1553 2303 per

373 2339 474 2416 'ipsum
487 2338 607 2399 verbum
627 2343 657 2397 et
678 2334 768 2396 filium
787 2341 870 2395 tuum
883 2335 983 2395 Jesum
999 2334 1143 2409 Christum
1165 2334 1310 2397 dominum
1330 2317 1461 2396 nostrum
1475 2350 1551 2409 qem-

381 2460 495 2519 eumus,
514 2443 602 2518 idque
616 2443 673 2503 hoc
694 2442 874 2518 potissimum
886 2447 1030 2516 tempore,
1056 2456 1120 2501 eum
1141 2447 1286 2516 exurgunt
1299 2442 1415 2515 tyreumi
1429 2445 1552 2516 utroque

381 2549 478 2626 giudic
492 2566 547 2611 nos
561 2550 741 2624 impetentes,
764 2547 826 2608 boc'
835 2552 888 2622 est,
911 2552 943 2607 et
956 2548 985 2607 vi
1001 2551 1030 2607 et
1044 2546 1161 2607 sinisue
1176 2545 1295 2609 salvifici
1309 2546 1392 2607 verbi
1405 2549 1449 2606 tui
1462 2548 1551 2607 inter·

383 2656 560 2730 pretatione,
583 2659 614 2714 et
628 2655 667 2715 de
679 2651 778 2713 fimes
793 2668 856 2714 esse
875 2668 992 2728 gressus
1013 2658 1127 2713 nostros
1141 2654 1172 2713 in
1186 2652 1275 2713 verbo
1289 2659 1356 2729 tuo,
1376 2670 1413 2713 ne
1427 2670 1482 2714 nos
1498 2654 1553 2715 suis

384 2759 625 2820 terriculamentis
640 2758 750 2819 Setbeu
764 2762 880 2821 territet
893 2764 945 2819 eut
958 2756 1182 2819 tunsiormetus
1196 2759 1226 2817 in
1242 2758 1375 2834 engelum
1388 2758 1462 2819 lucis
1475 2759 1555 2820 blen-

382 2864 517 2927 dimentis
531 2865 616 2939 hujus
634 2865 733 2924 mundi
754 2870 785 2924 et
804 2866 893 2925 seriis
914 2865 1000 2924 sectis
1015 2866 1074 2925 suis
1089 2864 1223 2939 seducet,
1240 2869 1319 2925 etue
1334 2867 1487 2941 permittes
1500 2866 1553 2925 ini·

382 2974 522 3050 quitatem
544 2971 628 3032 nobis
657 2969 809 3031 dominari.
855 2970 910 3044 Qui
932 2970 1004 3031 vivis
1027 2976 1057 3030 et
1084 2986 1189 3047 regnes
1212 2986 1276 3031 cum
1299 2970 1400 3032 eodem
1421 2968 1483 3031 lilio
1505 2977 1553 3031 tuo

381 3082 412 3137 et
440 3078 544 3151 spiritu
570 3082 671 3147 ceneto
699 3075 770 3137 deus
797 3075 891 3137 trinus
917 3076 999 3137 vivus
1029 3081 1058 3138 et
1086 3094 1160 3137 unns
1192 3077 1359 3139 benedictus
1387 3078 1418 3137 in
1447 3078 1552 3137 secute.

379 3181 483 3243 Amen

468 3290 565 3368 Note,
581 3293 699 3354 comites
723 3290 761 3351 de
775 3289 994 3365 Schwartcburg
1014 3304 1046 3349 se
1061 3290 1130 3352 olim
1144 3292 1293 3369 scripsisse
1307 3292 1336 3352 N
1351 3298 1382 3354 et
1394 3292 1423 3351 N
1439 3294 1555 3355 comites

381 3400 415 3462 in
429 3399 650 3473 Schwmtnburg
670 3403 700 3457 et
723 3395 854 3457 dominos
875 3397 906 3455 in
927 3396 1054 3470 Reness,
1075 3412 1139 3457 cum
1161 3415 1224 3461 eem
1239 3416 1335 3459 ereem
1349 3416 1424 3459 nunc
1438 3404 1556 3461 teneant

381 3505 492 3566 nobiles
514 3502 550 3565 de
572 3502 792 3564 Brendeusteiu.
837 3503 952 3563 Dicitur
973 3509 1069 3563 eutem
1092 3520 1155 3565 esse
1179 3506 1285 3567 donum
1307 3505 1454 3567 Willrelmi
1476 3506 1555 3566 ducis

383 3613 525 3674 Suoniae.

470 3718 583 3779 Eedcm
605 3717 722 3779 demine
744 3730 843 3779 socrus
861 3730 915 3788 per
935 3716 1078 3779 Joennem
1099 3718 1181 3779 nobis
1200 3737 1219 3781 e
1238 3718 1359 3794 pedibus
1384 3736 1400 3779 e
1416 3718 1557 3781 Wimerie

382 3822 466 3886 nobis
480 3826 638 3901 rescripsit,
654 3841 685 3885 se
699 3840 818 3901 spererc
832 3837 952 3883 uxorem
967 3829 1167 3885 nostrumnon
1181 3826 1259 3901 edigi
1273 3810 1513 3900 adjurementum
1527 3826 1556 3885 in

383 3931 600 4007 renuncietione
620 3933 818 4008 prescriptum
842 3931 1045 4007 precstendum.
1076 3931 1149 3991 Item
1163 3948 1216 3993 nos
1231 3933 1373 4007 reliquum
1387 3931 1464 3993 dotis
1479 3939 1557 3993 eute-

386 4052 473 4112 quem
485 4037 553 4097 binc
567 4037 778 4099 discedmcmus
792 4045 970 4113 eeccpturos.

471 4142 551 4203 Note
570 4142 607 4203 de
625 4143 727 4218 poculo
740 4144 857 4205 domino
870 4144 989 4205 Anerck
1009 4144 1045 4205 de
1059 4142 1229 4205 erdenlels
1249 4150 1278 4206 et
1297 4144 1414 4207 domino
1428 4145 1557 4207 Mertino

381 4248 511 4310 Lutlrero
524 4252 555 4309 in
569 4250 680 4312 celcide
693 4251 797 4325 mixto,
813 4266 851 4309 ex
865 4266 923 4325 que
937 4251 1054 4325 potione
1068 4266 1163 4311 comes
1177 4252 1242 4327 plus
1257 4252 1364 4311 centies
1380 4250 1556 4327 subsequen·

380 4361 440 4415 tem
454 4360 567 4417 uocum
582 4361 613 4416 et
626 4355 704 4419 diem
716 4356 831 4416 elveum
849 4356 948 4416 levero
968 4361 1083 4417 coectus
1103 4362 1163 4430 est,
1188 4356 1332 4417 Lutberus
1354 4373 1425 4419 vero
1446 4357 1557 4419 diutine

381 4460 482 4522 morbo
497 4458 621 4521 afflictus
636 4460 749 4522 cbristo
764 4462 1010 4537 quoque'euspice
1025 4462 1129 4538 evesit,
1145 4469 1178 4524 ut
1192 4463 1238 4523 bic
1254 4462 1361 4524 Christi
1375 4464 1511 4524 verbum:
1528 4464 1557 4525 Si

383 4563 453 4640 quid
473 4565 561 4627 letelc
582 4566 723 4641 biberint,
746 4583 806 4627 uon
826 4566 942 4628 nocebit
963 4568 1019 4642 eis,
1042 4569 1135 4627 locum
1158 4568 1265 4630 bebere
1285 4568 1426 4631 videetur.
1464 4570 1558 4630 Erunt

382 4676 479 4731 eutem
492 4672 556 4731 boec
569 4671 767 4747 prelibemine
781 4673 924 4748 umorue,
941 4689 1028 4747 quem
1040 4674 1187 4747 experturi
1199 4679 1296 4736 essent
1306 4674 1471 4737 edscrtores
1485 4675 1559 4737 veri·

382 4775 451 4835 tetis
465 4776 504 4837 eb
516 4775 701 4837 edverseriis.
1439 4790 1444 4802 ‘
