3700 5692
949 745 994 811 34

469 929 604 1004 Fuggeri,
619 925 829 1002 Baumgurteri,
843 927 1029 1002 Herbroteri,
1053 925 1151 988 Goslei
1166 932 1196 988 et
1211 926 1350 1002 quidquid
1363 927 1461 990 harum
1474 928 1537 1007 har·

380 1036 495 1110 piarum
510 1039 564 1109 est,
580 1045 647 1093 suos
662 1037 817 1107 proventus
832 1033 864 1093 in
877 1032 923 1092 his
939 1033 1059 1094 comitiis
1075 1033 1218 1108 adaugere
1234 1034 1377 1094 dicuntur.

433 1180 437 1189 -
470 1139 593 1227 Domine
608 1139 688 1200 Deus
704 1145 734 1199 et
747 1154 809 1212 rex,
824 1138 856 1196 in
871 1138 951 1211 cujus
966 1155 1052 1198 manu
1067 1137 1154 1198 corda
1169 1139 1294 1200 omniurn
1310 1145 1378 1200 sunt
1389 1139 1543 1215 virentium,

382 1246 432 1319 qui
444 1244 532 1304 hodie
546 1245 616 1303 mihi
630 1245 661 1303 in
676 1249 829 1318 conspectu
843 1243 871 1302 N
890 1248 919 1303 et
940 1243 968 1302 N
989 1235 1113 1318 gratiam
1132 1243 1261 1305 invenire
1282 1243 1401 1320 dedisti,
1425 1246 1473 1318 qui
1490 1260 1543 1304 non

381 1348 531 1411 confundis
546 1348 634 1409 iacies
648 1348 703 1409 tibi
717 1364 749 1408 se
763 1349 1004 1423 permittentium,
1027 1348 1133 1408 inclina
1148 1365 1198 1408 oor
1212 1365 1313 1424 regum
1328 1354 1359 1408 et
1377 1349 1478 1410 habeto
1498 1364 1542 1408 ou·

382 1471 446 1514 rum
460 1456 561 1516 nostri.
584 1455 620 1514 ld
632 1459 663 1513 te
678 1453 819 1529 deprecor
833 1469 886 1528 per
901 1455 1001 1541 lesum
1018 1451 1163 1512 Christum
1177 1452 1322 1514 dominum
1337 1460 1478 1529 nostrum,
1500 1455 1545 1526 qui

381 1565 476 1622 tecum
490 1560 562 1620 vivit
575 1565 605 1621 et
619 1565 724 1635 regnat
737 1561 769 1619 in
782 1557 894 1620 unitate
909 1559 1028 1633 spiritus
1044 1558 1073 1618 S.
1085 1557 1165 1620 Deus
1179 1573 1232 1631 per
1248 1559 1344 1620 omnia
1359 1559 1454 1619 secula
1467 1573 1541 1619 secu·

382 1666 485 1726 lorum.
509 1664 611 1724 Amen.
1073 1665 1075 1676 '
1142 1681 1145 1686 ¹

470 1770 644 1830 Benedictus
659 1768 747 1843 Deus,
769 1768 820 1842 qui
833 1768 973 1829 mirabilis
989 1774 1033 1830 est
1047 1770 1077 1828 in
1091 1770 1198 1830 sanctis
1218 1771 1288 1830 stirs.
1320 1769 1399 1830 Nam
1420 1783 1490 1842 quos
1507 1763 1546 1828 'ui-

383 1875 469 1936 detur
476 1877 561 1948 juxta
575 1878 689 1933 nostros
704 1873 801 1933 oculos
816 1874 965 1949 abjecisse,
980 1873 1034 1934 hos
1049 1874 1153 1950 evehit,
1170 1887 1242 1948 quos
1257 1875 1288 1934 in
1302 1875 1393 1936 ultum
1408 1873 1546 1946 extulisse,

382 1981 435 2041 hos
448 1985 545 2040 mente
560 1980 654 2040 cordis
670 1981 715 2039 sui
730 1977 879 2054 disperdit,
894 1985 927 2038 ut
941 1978 1039 2039 ridere
1055 1984 1107 2039 est.
1132 1981 1179 2041 Sic
1191 1979 1296 2040 Daniel
1310 1979 1442 2054 abjectus
1458 1984 1487 2038 et
1498 1978 1547 2036 hu·

381 2086 457 2144 milis
471 2087 716 2160 Jcrosolynorum
731 2085 800 2145 ciuis
816 2085 923 2159 primos
938 2086 1061 2146 honores
1077 2085 1144 2147 exul
1159 2091 1188 2146 et
1202 2086 1342 2147 abductus
1357 2084 1439 2161 apud
1452 2086 1547 2158 poten-

381 2191 521 2250 h'ssimum
535 2190 702 2265 Babyloniae
717 2206 815 2264 regem
830 2192 1025 2263 consequitur.
1051 2190 1098 2251 Sic
1111 2191 1131 2251 J
1133 2191 1221 2265 oseph
1235 2208 1255 2251 a
1268 2189 1408 2252 iratribus
1422 2187 1549 2250 venditus

369 2300 415 2356 -et
426 2274 489 2371 ipse
503 2301 604 2370 captus
620 2301 649 2356 et
667 2297 699 2354 in
718 2310 834 2355 carcere
853 2297 1007 2370 primatum
1024 2275 1085 2370 agit
1103 2302 1134 2356 et
1150 2296 1292 2359 secundus
1311 2293 1345 2355 fit
1361 2299 1430 2372 post
1446 2308 1549 2368 regem.

382 2400 430 2465 Sic
439 2401 459 2461 J
460 2417 566 2462 oannes
576 2400 742 2461 lhidericus
755 2405 785 2461 et
798 2401 953 2461 ditionibus
968 2400 1098 2460 omnibus
1114 2406 1217 2462 exutus
1232 2407 1261 2462 et
1274 2402 1305 2460 in
1321 2399 1455 2461 custodia
1468 2399 1549 2458 etan

381 2506 420 2566 ab
433 2506 564 2568 hostibus
577 2508 675 2580 magni
689 2504 723 2565 iit
737 2510 767 2566 et
780 2523 799 2566 a
813 2510 898 2581 gente
913 2506 1077 2579 alienigena
1091 2510 1122 2566 et
1136 2507 1248 2566 exotica
1261 2507 1335 2566 bene
1350 2503 1448 2579 audit,
1468 2501 1549 2563 Meu·

382 2611 466 2671 ritius
481 2611 530 2670 ille
545 2616 575 2670 et
588 2610 626 2671 ab
640 2612 747 2670 exteris
762 2611 924 2672 nationibus
941 2616 1002 2670 eta
1023 2608 1185 2670 Germanice
1204 2611 1345 2686 indigenis
1366 2609 1443 2670 male
1453 2633 1454 2636 ¹
1463 2607 1548 2695 audit,

381 2714 457 2775 lorte
471 2731 547 2774 nunc
561 2731 733 2790 agnoscens,
756 2720 866 2791 quante
885 2713 1038 2776 infelicitas
1058 2717 1097 2776 sit
1111 2717 1196 2789 juxta
1215 2713 1445 2776 Machabeorum
1465 2714 1551 2774 libros

381 2834 537 2895 prosperos
552 2835 621 2894 erga
635 2826 771 2895 cognatos
784 2821 892 2881 habere
906 2836 1067 2896 successus,
1083 2837 1121 2880 ne
1135 2821 1251 2880 interim
1266 2821 1371 2880 animis
1387 2821 1479 2896 ipsius
1492 2817 1549 2876 Au·

381 2925 458 2998 gusti
469 2924 618 2984 Octauiani
629 2924 721 2986 dicto:
737 2924 933 2991 Proditionem
943 2942 1017 3001 amo,
1033 2926 1210 3000 proditorem
1226 2941 1284 2984 non
1297 2927 1349 3000 its,
1366 2923 1550 3001 percelletur.

470 3047 528 3090 xxv
545 3029 668 3106 Aprilis,
699 3047 763 3105 quoe
782 3031 876 3091 Marci
899 3030 1094 3105 Evangelistae
1119 3045 1202 3090 sacra
1223 3035 1288 3090 erat
1307 3028 1370 3090 dies
1393 3032 1426 3090 in
1448 3027 1552 3102 templo

381 3135 527 3194 Minorum
539 3151 698 3197 sermonem
710 3133 810 3196 audire
819 3137 992 3210 volebamus,
1008 3137 1140 3195 verumis
1155 3141 1221 3196 ante
1236 3141 1347 3196 sextum
1363 3133 1466 3196 finitus
1482 3135 1551 3204 erat,

255 3311 259 3317 .
381 3255 472 3316 quare
485 3241 524 3301 ad
538 3240 575 3301 D.
591 3239 721 3301 Mauritii
734 3240 825 3302 aedem
844 3258 897 3303 nos
916 3240 1101 3314 contulimus,
1124 3239 1165 3299 ibi
1184 3241 1221 3300 D.
1241 3240 1410 3301 Mnsculum
1432 3255 1470 3300 ex
1491 3253 1552 3311 cap.

383 3340 424 3405 1'4
446 3345 567 3407 Joannis
586 3345 649 3406 haec
662 3348 752 3408 verba
766 3346 871 3407 Christi
885 3347 1006 3406 scilicet:
1032 3345 1123 3404 «Haec
1135 3345 1247 3406 locutus
1264 3361 1326 3405 sum
1347 3344 1451 3419 vobis,
1477 3338 1553 3416 apud

379 3464 431 3510 vos
445 3465 579 3527 manens„
604 3453 766 3526 paracletus
781 3458 877 3513 autem
891 3452 954 3526 ille,
977 3451 1027 3525 qui
1042 3456 1087 3510 est
1101 3449 1224 3533 Spiritus
1240 3451 1270 3511 S.
1286 3466 1373 3524 quem
1395 3443 1554 3528 (spiritum)

378 3555 474 3616 mittet
487 3561 571 3630 peter
584 3558 699 3616 nomine
713 3573 787 3632 meo,
802 3557 851 3618 ille
865 3575 917 3618 uos
932 3555 1047 3617 docebit
1061 3557 1156 3616 omnia
1170 3561 1201 3616 et
1215 3561 1352 3630 suggeret
1360 3555 1447 3616 vohis
1459 3551 1554 3639 omnis
1649 3627 1650 3636 ἵ

378 3675 554 3735 quecunque
570 3660 630 3748 dixi
644 3661 745 3722 vohis»
762 3662 905 3736 legentem
919 3666 950 3722 et
964 3666 1159 3736 exponentem
1174 3659 1343 3722 andivimus.
1375 3659 1489 3722 Docuit
1501 3656 1553 3732 igi·

378 3765 512 3824 turinter
524 3771 637 3841 cetera,
654 3768 718 3840 quis
733 3771 809 3827 esset
822 3767 871 3826 ille
885 3767 1003 3840 spiritus
1018 3765 1148 3827 veritutis
1163 3771 1194 3826 et
1208 3768 1340 3840 quisnam
1355 3767 1382 3827 is
1398 3768 1488 3841 esset,
1505 3761 1553 3836 qui

377 3883 443 3928 eom
456 3869 515 3929 dat.
538 3870 610 3930 Item
624 3869 702 3944 quod
717 3871 951 3931 exercitationem
966 3869 1099 3932 doctrine
1112 3871 1277 3945 precedere
1288 3871 1407 3946 debeat,
1425 3875 1458 3930 et
1475 3867 1554 3943 prius

378 3972 489 4033 discere
504 3991 590 4047 quern
604 3977 679 4035 scire
688 3976 853 4035 conveniat.
877 3975 996 4035 Nullum
1011 3975 1088 4035 enim
1103 3973 1228 4036 officium
1242 3977 1288 4036 vel
1302 3981 1399 4037 artem
1419 3987 1551 4036 necessu·

377 4077 450 4138 riam
465 4095 600 4140 exercere
614 4082 735 4157 poterit,
752 4083 801 4156 qui
817 4098 875 4142 non
889 4081 971 4156 prius
986 4081 1022 4141 uh
1038 4081 1134 4155 aliquo
1148 4082 1305 4142 instructus
1320 4096 1387 4141 eom
1401 4079 1496 4156 probe
1511 4077 1552 4136 di·

376 4181 488 4243 dicerit.
520 4183 593 4245 Item
609 4183 752 4246 Christum
766 4186 803 4246 D.
819 4185 958 4261 apostolis
973 4187 1032 4246 suis
1050 4188 1081 4245 in
1102 4190 1237 4259 quartum
1255 4202 1347 4259 usque
1370 4199 1485 4246 annum
1504 4196 1554 4244 ors

375 4296 627 4378 snoksacrosancto
642 4292 841 4352 concionatum
856 4307 932 4366 csse,
957 4307 1010 4352 nec
1023 4296 1121 4352 umen
1136 4307 1186 4351 eos
1202 4308 1238 4352 ex
1252 4283 1339 4352 carne
1354 4297 1388 4352 et
1410 4289 1553 4364 sanguine

372 4391 449 4452 hunc
462 4393 586 4456 frustm
600 4394 755 4457 salutarem
770 4402 974 4472 consequutos,
1000 4397 1069 4471 quin
1089 4396 1144 4456 hoc
1163 4397 1267 4472 spiritu
1286 4397 1442 4471 paracleto
1464 4391 1554 4456 corda

374 4510 473 4556 corum
487 4500 671 4573 aperirentur
685 4506 715 4561 et
728 4499 767 4561 ab
779 4501 831 4562 illo
846 4501 1027 4562 docerentur.
1056 4502 1129 4562 item
1143 4501 1215 4560 nihil
1234 4499 1330 4562 iacere
1350 4499 1392 4561 ad
1414 4501 1551 4570 salutem,

374 4600 464 4662 multo
477 4607 607 4678 tempore
621 4605 740 4665 verbum
759 4605 916 4681 audivisse,
939 4607 970 4665 ni
990 4606 1107 4680 spiritus
1131 4622 1245 4681 quoque
1263 4607 1341 4668 intus
1361 4611 1550 4682 cooperetur.

375 4705 449 4763 Item
463 4723 549 4779 quern
571 4711 658 4768 etium
677 4710 714 4769 D.
734 4711 904 4784 hieronymi
922 4715 1009 4771 aetate
1030 4709 1150 4770 ecclesie
1171 4712 1208 4772 ab
1228 4710 1284 4772 hoc
1304 4711 1411 4788 spiritu
1432 4711 1551 4772 devium

372 4810 507 4885 coeperit,
523 4811 670 4874 euidenter
684 4830 721 4874 ex
733 4815 829 4876 uerbis
846 4816 937 4890 ipsius
944 4813 1114 4890 hieronymi
1128 4815 1162 4877 in.
1173 4818 1296 4894 epistola
1303 4817 1341 4880 ed
1348 4816 1551 4896 Nepotianum
