3700 5692
854 712 898 778 65

293 913 344 959 nos
353 897 465 972 justum
479 894 536 956 Dei
545 893 686 970 iudicium
699 894 730 953 in
743 894 799 954 hoc
813 909 1058 968 cognosceremus.
1091 893 1165 968 Quia
1184 895 1260 954 enim
1280 895 1374 956 Judaei
1395 911 1462 956 con·

292 1006 337 1062 tra
354 1001 560 1061 conscientiam
578 1001 728 1060 ueritatem
744 999 781 1060 de
795 996 921 1060 salvifica
941 1000 1151 1060 resurrectione
1167 998 1274 1060 Christi
1294 1001 1402 1060 domini
1416 1017 1463 1060 re·

291 1108 386 1181 cipere
405 1107 579 1180 abnuebant,
602 1105 734 1178 permissi
753 1108 823 1164 sunt
842 1103 908 1177 sibi,
932 1110 964 1164 ut
983 1105 1033 1178 iis,
1058 1106 1108 1180 qui
1127 1105 1163 1166 ob
1183 1106 1363 1180 pecuniolam
1384 1122 1462 1165 men-

289 1211 404 1272 dacium
422 1210 479 1272 hoc
498 1212 535 1272 de
553 1209 632 1270 furto
652 1209 750 1271 ablato
769 1208 877 1269 Christi
896 1226 1017 1284 corpore
1037 1208 1191 1286 finxerunt,
1214 1208 1299 1270 fidem
1314 1209 1462 1283 baberent,

288 1316 375 1392 idque
396 1316 526 1378 Setham
545 1323 577 1376 et
597 1316 753 1390 instigante
774 1322 804 1376 et
825 1322 1008 1391 cooperante.
1047 1316 1134 1388 Sunt,
1156 1318 1262 1392 inquit,
1286 1317 1341 1376 hoc
1363 1321 1462 1382 notho

289 1438 361 1495 aevo,
377 1424 428 1496 qui
442 1428 561 1497 accepta
575 1423 697 1495 pecunia
710 1422 896 1494 mentiuntur,
919 1423 969 1496 qui
983 1421 1132 1482 mendacio
1146 1424 1240 1496 potius
1256 1423 1462 1498 quomagnitae

287 1528 405 1588 ueritati
419 1527 538 1586 credere
552 1527 670 1586 ndum.
701 1526 760 1587 Sed
780 1529 856 1588 unde
876 1529 932 1586 nisi
953 1532 1134 1602 expectato,
1159 1527 1236 1602 quod
1256 1528 1371 1589 obviam
1386 1530 1461 1588 veri·

287 1636 379 1692 tatem
392 1631 552 1710 respuunt?
582 1632 719 1706 Allegans
738 1633 768 1691 in
786 1633 842 1692 hoe
862 1633 957 1692 locum
976 1633 1061 1694 Pauli
1078 1633 1117 1697 ad
1135 1631 1190 1692 Ro.
1210 1637 1238 1692 1.
1271 1635 1310 1694 Et
1325 1634 1464 1710 quemad:
1537 1677 1538 1681 =

286 1736 403 1796 modum
418 1755 477 1798 non
497 1737 701 1813 probauerunt,
724 1742 757 1796 ut
776 1735 871 1798 Deum
891 1744 1089 1812 agnoscerent,
1112 1738 1154 1798 ita
1173 1737 1292 1798 tradidit
1313 1755 1363 1799 eos
1382 1733 1461 1800 Deus

284 1843 315 1902 in
330 1843 487 1918 reprobam
506 1847 639 1914 mentem,
662 1846 696 1900 ut
713 1839 842 1902 iacerent
861 1859 925 1916 quae
945 1859 1002 1904 non
1022 1843 1183 1904 ueniebant.
1215 1843 1262 1904 Sic
1283 1849 1313 1904 et
1326 1861 1402 1905 nunc
1416 1843 1459 1906 di·
1527 1895 1529 1900 .
1623 1887 1624 1892 η

285 1949 376 2020 citur,
401 1964 420 2008 a
437 1949 535 2008 multis
555 1949 637 2007 annis
656 1946 712 2006 hoc
732 1946 862 2020 durarit,
885 1949 938 2010 sed
960 1947 997 2008 ab
1018 1949 1054 2008 iis
1074 1953 1199 2022 tantum,
1223 1950 1272 2023 qni
1291 1951 1402 2009 malunt
1416 1951 1461 2014 iu·

284 2051 373 2112 ducto
389 2053 482 2112 errori
496 2068 530 2111 ac
544 2053 717 2133 evangelica
731 2053 846 2112 veritati
861 2054 987 2114 credere.
1020 2053 1115 2126 Quare
1133 2051 1247 2113 accidet
1262 2053 1359 2128 ethis,
1383 2053 1476 2127 quod

283 2156 397 2217 Judaeis
411 2157 567 2217 incredulis
582 2157 686 2218 evenit.
724 2147 815 2218 Satan
829 2158 913 2230 enim,
936 2162 1020 2232 pater
1040 2158 1253 2218 mendaciorum
1273 2160 1350 2233 ipsos
1366 2173 1401 2218 eo
1414 2157 1457 2216 in·

284 2261 379 2335 duxit,
403 2266 437 2349 ut
454 2278 560 2338 papam
581 2268 610 2322 et
630 2279 697 2322 suos
723 2269 752 2324 et
772 2262 908 2338 quicquid
929 2264 1153 2338 excogitaverint
1174 2263 1272 2337 avide,
1296 2267 1459 2337 contempto

283 2367 450 2442 evangelio,
471 2369 619 2442 arripiant.
656 2368 757 2428 Intulit
776 2374 806 2428 et
824 2367 871 2426 hic
889 2368 966 2428 inter
985 2370 1042 2429 alia
1060 2369 1184 2444 insignia
1202 2374 1231 2428 et
1245 2369 1375 2428 enormia
1388 2365 1477 2433 fasir

282 2488 359 2532 nora
377 2472 557 2547 papistarum
575 2474 804 2532 nocentissimum
824 2472 896 2532 illud
916 2479 1105 2533 commentum
1123 2473 1344 2549 praedicatorum
1359 2487 1457 2556 mona·

280 2576 405 2638 chorum
424 2578 456 2637 in
475 2578 590 2639 Verona
609 2584 815 2654 perpetratum,
839 2579 917 2654 quod
937 2581 968 2638 in
991 2578 1121 2642 omnibns
1141 2579 1269 2654 pistrinis
1290 2577 1459 2652 popinisque

280 2682 382 2742 notius
398 2687 452 2756 est,
476 2701 562 2758 qnam
581 2690 615 2744 ut
633 2686 680 2744 bic
699 2683 805 2744 ascribi
824 2689 978 2744 mereatur.
1008 2685 1081 2744 Item
1102 2683 1138 2743 de
1152 2670 1351 2766 Franciscanis
1367 2687 1396 2741 et
1408 2678 1458 2739 fic·

279 2787 352 2846 ticio
374 2795 588 2862 personatoqne
610 2805 709 2849 eorum
737 2789 852 2850 Christo
881 2790 963 2868 (puto
991 2791 1182 2864 stigmaticum
1208 2783 1406 2862 Franciscum)
1430 2791 1460 2846 et

280 2892 427 2968 quomodo
441 2894 603 2954 hominess
623 2893 737 2954 Christo
759 2894 798 2954 ad
816 2895 934 2969 proprie
954 2911 1044 2969 opera
1063 2894 1260 2966 siccaverint,
1285 2909 1349 2952 curn
1363 2897 1459 2952 tamen

280 2999 357 3058 nulli
369 3015 498 3072 unquam
511 2999 567 3058 nisi
582 3017 618 3060 ex
631 3001 759 3074 gratuita
774 2999 829 3058 Dei
843 2999 1041 3060 misericordia
1060 3015 1113 3074 per
1134 3001 1267 3064 meritum
1283 2997 1388 3056 Christi
1402 2995 1459 3056 fide

280 3106 497 3183 apprehensum
511 3106 588 3164 salus
603 3106 758 3179 contigerit
772 3110 825 3164 etc.
856 3104 1008 3164 Postremo
1023 3119 1152 3177 monens,
1175 3121 1212 3163 ne
1234 3108 1264 3162 et
1278 3121 1331 3162 nos
1347 3119 1460 3178 quoque

279 3211 433 3287 spiritibus
452 3211 560 3271 erroris
578 3211 727 3284 praeterite
746 3209 867 3268 veritate
889 3208 995 3268 Christi
1016 3208 1206 3284 crederemus,
1229 3225 1265 3266 ne
1285 3207 1369 3268 nobis
1383 3209 1460 3269 idem

280 3316 362 3391 quod
380 3316 490 3376 Judaeis
510 3319 540 3374 et
558 3315 744 3387 Antichristo,
768 3313 828 3387 qui,
851 3313 953 3387 inquit,
977 3327 1034 3372 non
1054 3328 1129 3371 unus
1149 3318 1202 3385 est,
1226 3312 1278 3372 sed
1299 3314 1460 3386 quicunque

278 3438 368 3500 papae
387 3426 418 3481 et
436 3422 495 3480 suis
514 3419 678 3493 adhaerent,
702 3419 781 3494 qnod
799 3435 817 3477 a
836 3418 919 3478 nobis
940 3417 1083 3492 piissimus
1105 3416 1236 3476 dominus
1256 3421 1354 3476 noster
1373 3417 1459 3476 lesus

279 3527 416 3587 Christus
430 3543 484 3602 per
499 3543 579 3586 suam
593 3526 748 3600 gloriosam
762 3523 1001 3582 resurrectionem
1016 3528 1138 3581 avertet.
1168 3521 1270 3581 Amen.

371 3631 484 3692 Eadem
498 3614 659 3692 eratnobis
673 3630 784 3689 animus
800 3628 1016 3689 diminutionem
1031 3629 1177 3702 sanguinis
1192 3626 1296 3701 iacere,
1323 3625 1374 3685 sed
1390 3625 1457 3699 qnia

280 3743 312 3797 et
326 3737 394 3797 heri
408 3743 438 3796 et
450 3737 538 3796 hodie
552 3753 603 3797 aer
617 3740 765 3811 suspectus
781 3740 857 3807 erat,
882 3751 900 3793 a
914 3732 997 3793 nobis
1012 3733 1203 3814 intermissum
1219 3738 1270 3792 est.

372 3843 485 3903 Eadem
499 3843 580 3901 curia
593 3841 792 3902 Atrebatensis
807 3838 958 3914 repetitur,
983 3838 1031 3899 nbi
1051 3839 1089 3899 ud
1106 3837 1321 3898 sollicitationes
1337 3835 1459 3895 aderant

281 3946 530 4020 Constantieuses,
553 3946 681 4006 Udalrici
704 3945 783 4006 ducis
806 3943 961 4004 consiliarii
983 3949 1013 4002 et
1034 3940 1131 4003 afflicti
1153 3942 1333 4002 Bremenses.
1373 3940 1459 4000 Venit

279 4060 312 4114 et
325 4053 500 4113 Franciscus
516 4050 665 4112 Conradns
680 4067 698 4108 a
714 4049 876 4124 Sichingen,
892 4047 1015 4116 afferens
1031 4048 1267 4123 supplicationem
1283 4045 1328 4124 (ut
1342 4043 1457 4120 vocant)

279 4159 398 4219 Nicolei
412 4156 450 4216 ab
464 4157 611 4216 Hattstein
627 4159 814 4230 cognatorum
829 4155 899 4227 eius.
929 4155 1001 4212 Item
1016 4154 1143 4214 loannes
1163 4169 1258 4212 comes
1278 4169 1296 4210 a
1312 4150 1461 4224 Sarbrugk

280 4268 314 4323 et
333 4264 461 4336 Nasson,
483 4264 552 4321 item
575 4261 694 4320 Carolus
717 4276 735 4319 e
757 4259 889 4318 stockem
911 4257 1064 4332 praefectus
1090 4260 1121 4317 iu
1140 4258 1290 4328 Weilburg
1312 4253 1460 4326 nobiscum

280 4369 387 4430 eodem
405 4370 467 4428 luto
489 4368 611 4439 harene,
635 4366 685 4440 qni
706 4365 757 4439 sit,
781 4380 812 4422 se
834 4380 853 4422 a
874 4363 998 4438 quodam
1019 4365 1162 4439 accepisse
1184 4368 1213 4421 et
1233 4360 1342 4421 comitis
1363 4359 1408 4417 sui
1431 4361 1462 4416 et

279 4482 414 4536 nostram
427 4449 543 4533 causam
557 4471 665 4550 Caesari
678 4470 801 4530 relatam
815 4484 886 4528 esse.
918 4468 994 4527 Dum
1014 4473 1111 4528 autem
1130 4467 1235 4526 ibidem
1249 4467 1391 4538 integram
1407 4462 1458 4522 ho-

278 4597 348 4640 ram
370 4579 593 4652 dasedssemua
624 4576 755 4637 Eubulus
775 4574 961 4634 Leonardnm
985 4573 1188 4632 cubicularium
1209 4571 1340 4646 praesulis
1363 4572 1456 4641 rogat,

279 4692 320 4746 ut
332 4686 402 4745 uelit
416 4683 454 4745 ad
467 4684 568 4743 herum
583 4701 665 4744 suum
679 4684 789 4740 intrare
810 4696 844 4740 ac
862 4681 954 4740 nostri
974 4678 1089 4750 nomine
1104 4676 1263 4750 deprecari,
1286 4681 1320 4734 ut
1333 4674 1379 4732 vel
1393 4677 1457 4762 tan·

281 4790 352 4854 dem
366 4791 501 4848 comitum
515 4806 533 4848 a
546 4787 687 4848 Waldeck
700 4788 872 4848 mentionem
888 4786 996 4846 habere
1017 4783 1112 4842 vellet.
1151 4781 1206 4854 Qui
1221 4781 1322 4855 gallice
1337 4791 1457 4853 respon-

330 4907 446 4951 Μαι
960 4921 969 4936 ι
1227 4887 1244 4944 5
1451 4895 1453 4901 ·
