3700 5692
965 706 1010 772 88

401 898 534 958 debeant.
559 894 711 965 liberum,
727 891 829 965 inquit,
845 891 898 950 tibi
913 895 972 964 est,
988 890 1052 950 Deo
1064 888 1211 964 hebraice,
1227 901 1329 965 grece,
1346 889 1510 965 gallicectc.
1523 889 1560 949 lo-

401 1004 461 1077 qui,
477 1003 502 1059 is
518 1002 597 1060 enim
610 1014 695 1057 omne
712 997 819 1057 idioma
833 997 976 1071 intelligit.
1000 996 1100 1070 Longe
1113 1002 1209 1055 autem
1219 994 1297 1056 aliud
1313 1001 1366 1071 est,
1381 1012 1444 1056 cum
1457 994 1561 1054 homine

400 1108 561 1183 peregrinae
575 1106 687 1179 linguae
706 1104 809 1177 ignem
830 1103 910 1175 loqui
932 1106 961 1161 et
987 1101 1064 1161 hunc
1081 1102 1249 1177 instituere,
1279 1102 1402 1176 exempli
1421 1102 1520 1176 gratia,
1541 1102 1562 1158 si

402 1211 588 1271 scholasticus
610 1225 669 1268 uon
683 1224 719 1267 ex
734 1209 811 1266 omni
826 1222 956 1266 sermone
967 1208 1155 1281 praeceptoris
1170 1208 1215 1265 sui
1225 1207 1367 1267 eruditior
1380 1206 1483 1267 evadit.
1492 1200 1562 1265 'Nam

401 1318 426 1375 si
442 1319 603 1391 preceptor
625 1328 689 1372 curn
712 1329 803 1371 uxore
825 1313 946 1385 propria
965 1316 1016 1371 aut
1036 1309 1144 1371 familia
1164 1310 1376 1386 confabuletur,
1397 1311 1429 1370 id
1453 1310 1520 1369 nihil
1533 1308 1564 1369 ad

401 1422 534 1497 discipuli
554 1422 762 1480 institutionem
785 1416 868 1491 lacit,
894 1417 946 1477 sed
960 1417 1115 1492 discipulus
1131 1434 1167 1477 ex
1182 1434 1217 1478 ec
1233 1433 1378 1491 sermone,
1402 1432 1486 1489 quem
1499 1432 1564 1490 pre·

392 1533 502 1603 ¹ceptor
522 1526 643 1599 adeius
665 1530 780 1598 captum
799 1522 995 1582 accommodat
1017 1528 1047 1582 et
1069 1523 1186 1597 proprie
1202 1524 1240 1583 ad
1255 1522 1285 1581 id
1299 1522 1433 1597 instituit,
1456 1520 1564 1597 peritior

401 1632 444 1692 tit.
481 1630 615 1695 Indicaus
637 1630 754 1703 insuper
776 1628 919 1702 quomodo
946 1628 1100 1702 genuinum
1125 1630 1275 1703 scripturae
1291 1622 1418 1707 [verbum
1438 1628 1564 1687 hacteuus

401 1735 585 1812 profligatum
599 1732 695 1807 fuerit,
711 1738 742 1791 et
755 1734 840 1806 hujus
854 1733 918 1793 loco
935 1733 1046 1807 scotus,
1063 1734 1201 1809 Thomas,
1224 1732 1366 1808 seraphici
1381 1732 1519 1805 doctores,
1541 1736 1565 1789 et

403 1842 512 1915 siquid
534 1840 621 1913 hujus
643 1839 700 1897 albi
719 1839 847 1906 homines
867 1844 1033 1914 suggestum
1054 1844 1241 1915 occuparunt.
1281 1838 1341 1897 Sibi
1366 1842 1461 1897 autem
1484 1836 1566 1897 videri

402 1946 586 2006 Germaniam
600 1960 662 2019 prm
677 1946 780 2003 ceteris
795 1943 958 2003 nationibus
974 1942 1028 2003 hac
1042 1944 1073 2003 in
1087 1960 1120 2005 re
1134 1943 1343 2005 iuioehciorem.
1372 1943 1450 2002 Nam
1465 1948 1564 2017 postca·

404 2069 489 2127 quam
509 2049 602 2124 primo
618 2047 724 2109 Christi
744 2046 815 2109 fides
837 2049 991 2123 predicari
1010 2051 1113 2124 coepit,
1138 2050 1260 2124 apostoli
1280 2054 1311 2109 et
1330 2050 1434 2122 quiex
1448 2048 1566 2109 Hebrais
1638 2112 1639 2123 χ

402 2154 488 2215 fidem
503 2156 728 2228 annunciaruut,
744 2154 875 2228 hebraea,
890 2158 991 2228 utpote
1005 2170 1072 2229 sua,
1098 2156 1197 2229 lingua
1211 2156 1242 2213 in
1258 2154 1477 2215 sermocinando
1491 2159 1519 2213 et
1529 2153 1564 2211 lo-

404 2261 518 2336 quenda
540 2261 585 2319 usi
604 2265 685 2333 sunt,
717 2275 801 2333 ease,
828 2275 886 2332 qua
907 2260 964 2318 illis
985 2266 1050 2320 erat
1069 2262 1175 2320 nahra.
1215 2260 1274 2321 Ubi
1289 2258 1382 2319 Graeci
1406 2262 1566 2334 recepemnt

400 2365 601 2441 ’Evangelinm
617 2379 712 2438 graeco
725 2380 778 2424 suo
788 2363 934 2438 idiomate,
951 2365 1028 2438 quod
1040 2366 1096 2425 illis
1108 2368 1236 2427 auhsum
1250 2371 1322 2438 erat,
1338 2366 1384 2425 usi
1401 2371 1475 2424 sunt.
1499 2363 1565 2421 Dum
1592 2447 1593 2451 Ἰ
1638 2434 1639 2445 ¹

404 2474 503 2535 Rome
518 2471 670 2547 predicari
685 2475 810 2545 coeptum
825 2477 885 2545 est,
908 2472 940 2529 in
962 2471 1032 2534 latio
1052 2487 1184 2531 sermone
1207 2470 1379 2531 cantabatur
1396 2475 1426 2529 et
1440 2468 1566 2545 predica-

404 2579 498 2640 batur.
522 2578 660 2638 Omnibus
676 2578 751 2636 enim
765 2580 880 2635 constat
897 2578 1045 2651 vulgarem
1068 2594 1226 2638 sermonem
1249 2578 1280 2637 id
1295 2578 1436 2651 temporis
1451 2578 1481 2635 in
1494 2575 1567 2633 ltalia
1638 2644 1639 2659 χ

403 2686 504 2744 latium
526 2684 586 2742 sive
608 2683 728 2741 latinum
749 2678 845 2740 fuisse.
884 2682 924 2741 Et
943 2682 1059 2743 duravit
1083 2683 1113 2742 id
1128 2699 1243 2757 quoqne
1258 2700 1276 2742 a
1291 2684 1385 2757 prima
1409 2682 1525 2741 ecclesia
1537 2678 1568 2737 ad
1638 2672 1639 2689 ³

403 2805 496 2864 panca
512 2789 615 2848 abhinc
629 2805 721 2861 usque
737 2792 877 2862 tempora.
906 2789 1023 2848 Miseria
1039 2806 1107 2850 vero
1123 2789 1274 2849 Germanis
1289 2791 1417 2863 psalmos
1433 2802 1532 2847 canere
1544 2789 1568 2841 et

404 2910 488 2953 sacra
502 2894 650 2953 celebrare
661 2894 692 2951 in
704 2898 803 2952 nostra
814 2892 912 2967 lingue
925 2910 983 2953 non
996 2896 1181 2968 permittitur,
1196 2910 1261 2953 cnm
1277 2898 1374 2952 tamen
1384 2893 1568 2952 Tertullianus
1638 2968 1639 2985 χ

405 3004 435 3057 et
441 2998 620 3072 Augustinus
632 2999 663 3055 in
672 2998 807 3072 Hippone
815 2998 874 3057 Sua
887 3000 917 3057 in
933 2998 1022 3059 africo
1037 2998 1170 3058 idiomate
1185 3000 1311 3073 psalmos
1326 2998 1486 3073 cantarint,
1502 2994 1568 3071 quod

404 3301 471 3372 ania
483 3329 630 3371 murmura
645 3320 675 3373 et
687 3330 745 3373 non
756 3316 916 3383 intellectas
927 3332 1020 3391 voces,
1035 3315 1071 3377 de
1085 3316 1188 3389 quibm
1200 3318 1360 3376 luculenter
1375 3316 1509 3375 disseruit
1521 3319 1566 3373 etc.
1621 3392 1623 3397 Ι

406 3420 543 3493 Superius
558 3424 668 3492 autem,
693 3420 742 3479 ubi
763 3420 800 3481 de
821 3422 962 3481 munditia
980 3424 1178 3497 apostolorum
1194 3423 1308 3483 dicebat
1323 3422 1468 3488 Christum
1484 3425 1511 3481 et
1524 3434 1567 3495 per

406 3523 528 3598 figuram
544 3525 695 3592 locutionis
710 3542 760 3585 eos
774 3528 937 3601 appellasse
952 3526 1089 3603 mundos,
1111 3530 1160 3601 qui
1180 3545 1275 3588 secum
1296 3529 1393 3589 animo
1409 3527 1566 3593 recolerent,

406 3645 471 3702 que
485 3629 542 3689 illis
553 3630 683 3690 Christus
693 3631 831 3691 hactenus
841 3632 969 3707 dixisset,
987 3639 1097 3707 quanta
1108 3636 1287 3708 accepissent
1301 3638 1330 3693 et
1345 3626 1411 3706 once
1427 3632 1517 3693 adhuc
1529 3644 1566 3689 ac

406 3735 517 3811 cepturi
538 3741 648 3811 essent,
670 3737 695 3795 si
718 3737 808 3796 verba
828 3738 890 3811 eius
912 3737 1056 3799 audierint
1078 3744 1107 3799 et
1122 3740 1146 3799 si
1162 3756 1196 3799 eo
1212 3756 1243 3798 se
1260 3739 1363 3813 dignos
1380 3743 1492 3813 gerant.
1526 3734 1567 3792 hit

406 3841 481 3899 enirn
503 3840 580 3899 hunc
598 3844 814 3910 moremetiam
837 3845 969 3917 apostolo
988 3843 1156 3905 hmiharem
1181 3860 1260 3918 esse,
1284 3849 1317 3903 ut
1338 3860 1401 3903 cum
1426 3845 1566 3915 admonere

405 3962 473 4005 suos
487 3962 547 4004 susc
561 3948 720 4006 vocationis
735 3950 831 4023 vellet,
857 3950 979 4011 diceret:
1004 3950 1103 4009 Sancti
1119 3950 1196 4023 estis,
1213 3949 1303 4009 abluti
1318 3951 1397 4023 estis,
1424 3952 1495 4009 sicut
1509 3953 1535 4007 et
1546 3963 1565 4003 s.

405 4051 511 4110 Petrus
525 4051 610 4113 dicit:
631 4070 682 4113 vos
697 4055 766 4112 estis
782 4071 853 4128 gens
868 4060 977 4130 sancta,
993 4056 1092 4130 regale
1108 4053 1299 4115 sacerdotium
1315 4061 1381 4130 etc,
1398 4055 1444 4115 his
1459 4057 1566 4114 innuens

406 4161 439 4215 ut
452 4172 592 4216 memores
608 4162 715 4216 noemae
729 4158 759 4215 in
775 4157 888 4219 Christo
903 4162 1073 4222 conditionis
1089 4176 1212 4221 essemus
1237 4176 1291 4219 nec
1304 4160 1478 4235 ignobilibus
1492 4157 1565 4232 hujus

404 4263 493 4321 seculi
509 4280 562 4322 nos
576 4265 784 4324 immisceamus
795 4270 848 4324 ete.
872 4266 969 4325 Veluti
980 4268 1005 4325 si
1020 4267 1084 4339 quis
1093 4266 1149 4325 rite
1163 4265 1203 4325 ad
1212 4266 1350 4340 virginem
1366 4268 1457 4326 dicat:
1474 4266 1566 4326 Sancta
1638 4304 1639 4307 ,

406 4372 437 4427 et
450 4368 556 4442 pudica
570 4386 615 4444 es,
640 4370 723 4442 quasi
741 4370 865 4444 diceret,
888 4387 947 4431 non
966 4377 996 4431 te
1020 4372 1160 4445 ejusmodi
1180 4372 1307 4432 moribus
1335 4388 1411 4447 esse,
1433 4378 1466 4431 nt
1477 4377 1565 4447 turpes

405 4472 470 4531 istae
482 4473 568 4531 lanice
583 4481 635 4534 aut
648 4475 724 4550 lupae
739 4467 815 4551 sunt,
841 4480 981 4537 convenit.
1020 4477 1091 4537 Item
1100 4483 1146 4537 *ut
1168 4453 1253 4537 alicui
1276 4492 1312 4536 ex
1326 4477 1417 4537 nobili
1431 4478 1565 4535 stemmate

407 4581 476 4635 nato
498 4578 637 4649 eiusmodi
656 4579 753 4640 verbis
772 4582 868 4641 calcar
889 4583 927 4641 ad
947 4584 1083 4643 virtutem
1107 4583 1213 4643 addere
1226 4583 1459 4657 possemust-Ex
1471 4578 1565 4640 illustri

408 4686 492 4740 natus
507 4697 538 4740 es
552 4685 703 4757 prosapia,
725 4686 807 4746 decet
821 4693 851 4746 te
866 4688 978 4762 generis
993 4690 1036 4748 tui
1051 4689 1137 4747 decus
1153 4688 1313 4762 illustrare,
1335 4688 1420 4747 modo
1433 4682 1563 4747 nohihbus

1638 3029 1639 3063 l

379 3118 381 3120 ’
405 3104 452 3161 vel
460 3120 496 3163 ex
506 3118 540 3161 eo
549 3106 640 3177 patet,
656 3102 733 3175 quod
741 3102 849 3162 vicibus
857 3104 968 3178 ahquot
977 3105 1122 3180 populum,
1139 3101 1351 3164 cumfloruitiu
1363 3105 1488 3177 quodam
1501 3102 1566 3179 psal·
1638 3078 1639 3157 i

405 3211 585 3281 mecaneret,
602 3213 635 3267 ut
648 3204 763 3267 florebit
772 3214 923 3269 cantarent
931 3212 1043 3270 monuit
1054 3218 1107 3271 ete.
1131 3211 1185 3271 His
1197 3211 1331 3285 opposuit
1344 3212 1521 3285 papistamm
1531 3210 1566 3268 in·
1638 3220 1639 3225 ’

1638 3230 1639 3321 l

1637 4308 1639 4383 l

411 4787 491 4842 ortus
510 4786 549 4843 sis
569 4786 721 4847 uatahhus.
759 4790 800 4850 Et
818 4790 947 4866 prolecto
967 4792 1212 4867 maximopereid
1230 4794 1366 4867 temporis
1385 4792 1563 4855 necessarium
1638 4848 1639 4887 ἐ
