3700 5692
762 702 912 762 sarm.

315 888 341 941 at
393 868 530 951 Quantis
553 867 744 936 torminibus
766 865 842 933 bilis
863 863 940 930 mihi
962 865 1101 931 concitat
1124 865 1232 932 alvum

351 981 494 1060 quotque
518 974 580 1040 ciet
602 973 749 1055 vomitus,
773 990 843 1038 cum
868 970 950 1036 tales
973 969 1085 1036 haurio
1108 989 1230 1052 versus,

353 1081 525 1147 incantare
547 1095 644 1144 mauu
668 1075 782 1159 tango!
828 1075 1013 1142 Meminisse
1036 1074 1178 1162 dolorem

348 1189 501 1268 integrat,
524 1186 701 1252 immensae
724 1182 863 1264 pretium
886 1170 1023 1262 periisse
1044 1183 1159 1264 papyri

349 1293 595 1376 mercedemque
619 1289 731 1368 sirim,
754 1285 865 1368 praelo
888 1286 943 1370 qui
967 1287 1110 1352 carmina
1132 1284 1282 1369 formant,

308 1397 422 1466 reticos
448 1403 481 1462 et
503 1396 642 1462 tumidas
666 1411 727 1459 ano
751 1389 878 1458 factura
900 1391 1065 1458 mariscas.

390 1503 480 1583 Quid
501 1502 661 1587 reliquum
684 1497 761 1564 iecit
783 1496 900 1564 nobis?
946 1496 1032 1578 Quid
1054 1497 1210 1577 grandius
1234 1498 1321 1566 ultra

348 1608 519 1674 barbaries
541 1606 669 1673 inimica
691 1605 824 1688 potest?
869 1603 938 1668 lam
961 1603 1100 1686 denique
1123 1604 1234 1670 taedet

349 1713 549 1796 plectrorum
572 1712 776 1794 citharaeque
799 1709 908 1791 pudet,
933 1709 960 1773 si
984 1708 1074 1774 nulla
1095 1709 1214 1776 laboris

349 1819 507 1902 nullaque
532 1819 679 1886 nocturni
701 1814 879 1882 referemus
901 1814 1047 1896 praemia
1068 1813 1144 1881 olivi

307 1943 448 2010 taquam
469 1924 570 1990 risum
594 1928 627 1990 et
650 1941 785 1990 sannam
810 1921 931 2004 populi.
977 1920 1062 1999 Quin
1084 1920 1233 2002 protinus
1255 1923 1343 1986 artes

349 2030 478 2113 expetis
501 2030 637 2112 ignotas,
661 2029 758 2094 miser
779 2047 798 2093 o
820 2026 972 2092 Phoebe?
1018 2025 1126 2109 thue
1148 2026 1300 2108 deinceps

348 2135 429 2204 felix
455 2151 528 2200 esse
551 2151 651 2217 queas
673 2133 837 2215 multoque
859 2131 1019 2214 superbus
1041 2130 1172 2211 honore,

352 2242 471 2308 discito
494 2239 620 2308 adulari
641 2239 741 2319 Diria,
764 2236 918 2330 effingere
942 2235 1050 2302 vultus

349 2347 533 2414 Socraticos
556 2361 734 2427 magnoque
758 2343 858 2410 cliens
880 2343 1015 2425 palpare
1038 2347 1184 2426 patrono.

308 2451 490 2522 soDeierre
514 2452 688 2518 adsuesces
711 2448 888 2530 mendacia,
911 2455 1008 2532 teque
1031 2449 1184 2530 magistro

351 2558 509 2624 innocuos
533 2561 645 2637 carpat
667 2554 787 2622 furtiva
809 2555 971 2621 calumnia
994 2573 1108 2634 mores,

353 2664 525 2730 candorem
550 2661 662 2738 lauda;
687 2661 744 2726 sed
767 2678 839 2726 cum
862 2666 894 2726 te
916 2666 1030 2728 saneta
1053 2661 1218 2744 loquutum

355 2769 495 2835 audierit
515 2769 662 2850 populus,
685 2785 757 2832 mox
781 2765 847 2832 solo
872 2771 956 2831 teste
979 2766 1093 2846 salino,

353 2874 484 2957 impleto
508 2874 654 2941 dominas
676 2873 818 2940 occultus
841 2871 987 2955 proditor
1010 2891 1115 2940 aures.

314 2996 344 3048 aa
391 2981 529 3047 Dixerat
549 2980 629 3046 haec
650 2980 815 3048 Phoebus:
840 2979 957 3046 tacitae
980 2980 1093 3046 sedere
1117 2999 1243 3048 sorores

357 3086 575 3168 attonitaeque
598 3091 693 3152 metu.
740 3086 804 3153 Sed
826 3084 971 3168 paullum
993 3106 1013 3153 a
1035 3088 1112 3153 sede
1134 3088 1242 3155 lerata

359 3188 478 3256 Urania
501 3196 535 3256 et
556 3191 694 3258 lacrimis
717 3191 882 3258 manantia
905 3192 1027 3258 lumina
1049 3197 1190 3275 tergens,

359 3295 431 3362 talia
455 3313 534 3363 voce
557 3294 673 3362 refert:
697 3295 768 3362 Tibi
793 3315 857 3362 nou
880 3297 1003 3362 iniusta
1025 3297 1143 3364 doloris

356 3421 451 3468 causa
474 3402 575 3481 sedet,
601 3402 794 3486 meritasque
817 3409 910 3485 pater
934 3404 1101 3485 consurgis
1123 3405 1156 3469 in
1179 3406 1266 3484 iras;

313 3507 408 3575 tosed
432 3512 543 3573 tamen
567 3515 600 3574 et
622 3513 763 3574 nostram
786 3507 855 3574 iata
877 3508 1020 3575 infelicia
1043 3514 1161 3575 sortem

357 3615 530 3696 exagitant,
553 3615 718 3696 instatque
740 3615 810 3696 pari
834 3614 1016 3680 discrimine
1040 3613 1200 3680 damnum.

354 3717 435 3784 Nam
460 3724 558 3801 quota
580 3737 656 3800 pars
679 3719 842 3784 hominum
868 3721 943 3785 nulli
967 3737 1104 3802 parsura
1126 3719 1229 3788 labori

355 3822 440 3888 calce
463 3820 628 3888 indefesso
652 3825 753 3889 nostri
776 3822 905 3906 fastigia
928 3826 1045 3892 montis

356 3929 551 4009 exsuperati
598 3929 676 4007 Quis
700 3928 843 3996 Castalia
865 3947 900 3996 se
924 3933 1040 4014 mergit
1062 3932 1095 3996 iu
1120 3933 1231 3999 unda?

229 4095 231 4100 .
312 4046 343 4099 at
354 4031 431 4111 Quis
455 4037 555 4113 curat,
579 4033 700 4100 loculos
724 4054 788 4101 non
812 4036 981 4117 expletura
1004 4055 1137 4119 capaces

355 4157 414 4220 per
436 4139 554 4217 studia,
577 4144 674 4223 atque
697 4141 809 4222 inopes
833 4141 974 4207 animum
998 4141 1177 4210 excoluisse
1199 4162 1258 4225 per
1280 4142 1392 4210 artent

354 4243 445 4310 Unus
469 4244 620 4311 divitibus
644 4244 729 4312 Pluti
753 4247 809 4329 qui
832 4248 948 4314 crescit
971 4249 1004 4313 iu
1030 4248 1131 4314 hortis

354 4350 515 4433 flosculus,
539 4353 731 4419 ambrosiam
756 4355 893 4435 spirans,
916 4373 1084 4436 panacaea
1107 4354 1273 4431 malorum,
1385 4343 1389 4346 ⁴

356 4457 533 4539 nepenthes
556 4458 651 4536 vitae,
676 4475 749 4522 rosa
772 4458 897 4538 nobilia,
920 4460 1034 4525 unicus
1058 4459 1112 4524 ille
1133 4464 1192 4538 est,

313 4576 446 4645 coquem
469 4561 573 4645 plebs,
596 4581 690 4646 quem
714 4563 819 4632 studio
843 4571 1005 4646 quaerunt
1028 4566 1164 4631 ardente
1187 4560 1338 4642 Quirites,

356 4668 404 4732 cui
427 4671 586 4733 nocturna
607 4665 711 4732 inhiat
734 4667 836 4732 nostri
859 4667 1028 4747 vigilantia
1050 4667 1135 4734 secli.

356 4771 398 4837 ht
419 4773 473 4857 qui
494 4771 610 4838 Pieriis
633 4772 745 4841 sollers
768 4772 930 4855 spacietur
951 4774 985 4840 in
1015 4773 1101 4840 arvis

305 4883 462 4948 “wambae
689 4903 691 4912 ⁴
1197 4885 1216 4944 t
