3700 5692
964 703 1025 767 122

409 888 480 948 datu
500 905 552 947 suo
574 903 686 947 ornnem
705 891 850 945 terrarum
871 885 969 945 orbem
991 888 1077 949 etiam
1099 887 1185 947 hodio
1201 890 1348 961 permovet
1362 892 1413 947 eto.
1451 887 1515 959 gns
1527 887 1559 947 ad

409 995 464 1052 hoc
478 992 638 1066 argumenti
652 990 805 1066 iaciebant,
821 989 947 1050 fideliter
963 992 1059 1051 docuit
1074 996 1128 1049 ete.
1159 991 1223 1054 Hoc
1238 990 1451 1065 epiphonemate
1465 1008 1557 1051 sermo·

409 1114 474 1157 nem
483 1096 631 1155 claudens:
649 1096 728 1155 Sicut
737 1096 810 1155 nihil
819 1097 975 1155 virentium
989 1098 1021 1155 in
1034 1097 1089 1155 boc
1103 1101 1247 1155 terrarum
1261 1096 1330 1156 orbe
1345 1098 1406 1155 sine
1421 1097 1560 1171 spiratione

410 1208 439 1261 et
452 1209 538 1260 vento
553 1216 640 1274 agere
655 1206 758 1274 potest,
773 1203 815 1261 ita
830 1208 860 1261 ct
874 1218 926 1262 nos
941 1204 972 1261 in
987 1202 1129 1276 spirituali
1143 1202 1202 1261 vita
1224 1217 1262 1260 ne
1275 1208 1447 1261 momentum
1460 1201 1560 1274 quidem

408 1307 454 1367 vel
469 1306 507 1364 ad
522 1290 597 1364 oculi
611 1305 699 1363 ictum
713 1307 775 1363 sine
789 1308 874 1381 hujus
890 1309 1067 1367 sacrosancti
1083 1308 1201 1381 spiritus
1217 1304 1317 1367 afflatu
1331 1314 1460 1382 perstare
1473 1322 1560 1381 possu-

408 1432 486 1487 mus;
509 1416 614 1489 jubens
635 1418 731 1489 itaque
747 1416 839 1473 Deum
862 1421 974 1487 patrem
995 1430 1047 1487 per
1064 1412 1207 1472 Christum
1227 1427 1325 1485 orare,
1349 1417 1382 1481 nt
1401 1412 1480 1472 nobis
1499 1414 1562 1471 hano

408 1523 541 1595 spiritum
559 1520 737 1593 paracletum
756 1522 904 1592 impartire
925 1518 1077 1591 dignetur,
1103 1519 1152 1591 qni
1167 1516 1357 1579 nosvirilioet
1371 1524 1402 1577 et
1415 1522 1502 1593 regat.
1534 1517 1563 1576 ld

407 1626 491 1686 uobis
504 1632 621 1699 presta,
638 1642 655 1682 o
670 1632 763 1698 pater,
779 1626 816 1685 ob
831 1623 921 1683 filium
935 1630 1016 1683 tuum
1031 1624 1175 1697 dilectum,
1197 1624 1242 1683 oui
1258 1624 1329 1683 nihil
1342 1638 1440 1697 neges,
1455 1638 1561 1696 regnan·

394 1738 466 1794 ¹tem
481 1738 576 1791 tecum
591 1749 655 1791 cum
670 1732 771 1791 eodem
786 1748 809 1791 s.
825 1733 929 1805 spiritu
943 1738 1002 1791 tuo.
1028 1731 1126 1789 Amen.

498 1839 620 1898 Domine
635 1837 729 1909 Deus,
753 1854 870 1912 magne,
893 1837 1030 1907 terribilis
1046 1841 1077 1895 et
1089 1834 1187 1909 fortis,
1210 1834 1286 1893 idem
1301 1850 1416 1908 quoque
1431 1834 1562 1909 benignus,

409 1946 531 2004 clemens
553 1945 666 2018 patiens
686 1950 716 2002 et
734 1944 831 2002 multae
852 1943 1075 2016 misericordiae,
1105 1958 1171 2000 ecce
1193 1956 1289 2001 coram
1309 1947 1339 2001 te
1360 1958 1425 2001 cum
1444 1946 1502 2001 tota
1523 1948 1564 1999 tna

409 2050 530 2109 eeclesia
543 2066 601 2108 non
615 2050 700 2107 aliter
715 2065 749 2107 ac
764 2050 830 2107 olim
846 2049 969 2121 populus
990 2053 1055 2107 tuus
1072 2063 1105 2106 ac
1120 2063 1190 2120 gens
1209 2050 1260 2105 tua
1273 2047 1364 2106 Israel
1378 2046 1467 2107 eorda
1479 2051 1564 2127 nostra

409 2163 439 2215 et
452 2170 554 2215 nsanos
568 2161 682 2214 nostras
697 2153 894 2227 expandimus,
910 2170 961 2212 cre
977 2159 1007 2212 et
1020 2154 1084 2212 imis
1099 2151 1300 2227 penetralibus
1314 2151 1409 2211 cordis
1425 2153 1564 2211 mnantes

408 2262 538 2334 Respice,
550 2260 673 2333 domine,
683 2264 712 2318 et
724 2260 859 2318 miserere
871 2261 972 2332 nostri,
989 2274 1131 2333 pauperes
1145 2260 1220 2319 enim
1236 2264 1267 2317 et
1281 2258 1410 2331 despecti
1425 2274 1516 2318 sumus
1528 2257 1564 2315 ni·

297 2447 300 2451 Δ
407 2368 469 2428 mis.
493 2368 670 2426 Invenerunt
684 2367 759 2423 enim
774 2381 826 2424 nos
842 2365 1065 2439 ingratitudines
1080 2372 1110 2425 et
1123 2364 1289 2437 iniquitates
1297 2367 1415 2438 nostrae,
1433 2363 1563 2423 dominan-

408 2478 456 2530 tur
470 2472 563 2531 nostri
577 2471 684 2531 domini
699 2469 809 2542 absque
824 2475 862 2545 te,
878 2470 997 2544 impleta
1011 2476 1055 2529 est
1070 2472 1099 2529 in
1114 2470 1195 2529 uobis
1211 2469 1393 2527 oomnrinetio
1417 2474 1476 2541 tua,
1497 2484 1563 2541 gens,

407 2578 489 2648 cnjus
505 2576 674 2635 catalectum
688 2593 748 2633 non
762 2574 951 2649 agnoscimus,
968 2575 1096 2649 possidet
1111 2590 1164 2633 nos
1179 2580 1344 2649 nostraque,
1375 2590 1430 2632 nec
1444 2574 1508 2633 satis
1523 2572 1563 2631 do·
1637 2560 1638 2629 ἶ

407 2681 511 2739 minari
525 2683 616 2737 nostri
635 2681 738 2753 habet,
764 2682 816 2741 sed
831 2687 860 2742 et
881 2686 983 2739 sancta
997 2681 1147 2739 conculcat
1165 2688 1216 2739 tua
1230 2687 1260 2740 et
1273 2684 1382 2754 praeter
1398 2696 1480 2741 omne
1494 2678 1566 2737 dede-

407 2801 458 2843 cus
478 2786 509 2843 in
528 2792 580 2844 tue
596 2784 775 2845 Germanica.
814 2786 838 2843 Ο
861 2788 985 2860 domine,
1007 2788 1054 2845 vix
1074 2792 1159 2845 antee
1179 2786 1333 2858 cogitatum
1357 2788 1437 2859 quod
1455 2783 1565 2859 quotidie

408 2891 558 2949 committit
572 2898 659 2950 noctu
682 2891 788 2964 diuque
804 2893 927 2964 cogitat,
960 2892 1008 2963 qui
1024 2890 1106 2949 nobis
1120 2891 1238 2951 verbum
1256 2896 1338 2950 tuum
1352 2895 1468 2967 eripere
1480 2890 1565 2965 possit,

407 2995 536 3057 conflans
550 2997 735 3055 traditionum
750 2998 939 3057 humansrum
955 3001 1100 3070 centonas,
1117 2996 1272 3080 obtrudens
1286 3012 1340 3069 pro
1356 3013 1433 3071 pane
1447 2996 1564 3055 cinerem.

407 3101 529 3161 Domine
543 3101 622 3161 Deus
637 3120 689 3163 uos
704 3103 818 3176 quidem
833 3104 922 3175 louge
936 3102 1047 3176 majora
1062 3101 1107 3160 his
1122 3103 1279 3161 commeriti
1300 3117 1407 3163 sumus,
1441 3102 1497 3163 Sed
1509 3097 1566 3173 quid

407 3208 498 3265 honor
513 3211 580 3265 tuus
594 3214 624 3266 et
638 3208 756 3267 verbum
779 3214 862 3268 tuum
881 3208 1028 3267 innoxium
1044 3222 1062 3265 a
1076 3208 1181 3280 populo
1204 3224 1262 3267 non
1276 3212 1374 3267 sancto
1391 3202 1566 3281 blasphemari

407 3313 511 3371 meruit
525 3313 711 3387 praeeligente
732 3312 786 3390 (et)
807 3311 981 3389 praeferente
1004 3311 1120 3372 Christo
1141 3319 1349 3387 capuanorum
1369 3313 1497 3371 ecclesiae
1509 3317 1564 3381 tue,

406 3420 585 3477 meretricem
599 3419 637 3478 ad
652 3436 743 3492 aquas
757 3418 915 3491 Babylonis
933 3417 1090 3477 sedentem.
1124 3417 1268 3477 Memento
1284 3418 1399 3479 domine
1413 3415 1564 3492 promissio·

406 3525 452 3581 nis
466 3529 524 3581 tuae
539 3525 676 3596 antiquae,
693 3540 779 3597 quam
794 3524 907 3597 mystici
924 3524 967 3583 tui
982 3522 1101 3582 Davidis
1116 3523 1222 3597 populo
1236 3523 1381 3596 pollicitus
1398 3540 1443 3583 es:
1467 3522 1496 3581 Si
1508 3534 1563 3595 pec·

407 3629 536 3688 cavednt
549 3627 601 3687 filii
617 3630 680 3702 ejus
696 3631 726 3687 in
741 3645 801 3702 me,
823 3630 965 3701 corrigam
986 3644 1035 3687 eos
1055 3628 1214 3700 injudicio.
1238 3629 1469 3689 Misericordiam
1483 3631 1565 3687 eutem
1637 3678 1638 3685 ,

405 3748 498 3791 meam
512 3733 550 3791 ab
565 3716 606 3791 eis
620 3748 678 3793 non
693 3731 831 3793 auferam.
871 3734 1039 3807 Quanquam
1062 3739 1158 3793 autern
1177 3734 1340 3807 paucissimi
1357 3734 1435 3793 inter
1450 3748 1500 3791 nos
1513 3732 1565 3789 hec
1637 3740 1638 3753 ¹

406 3840 571 3912 attendant,
595 3846 628 3899 tu
649 3845 746 3898 tamen
768 3855 805 3897 ne
825 3823 951 3899 obdures
966 3837 1054 3897 corde
1069 3844 1182 3911 nostre,
1208 3838 1260 3899 sed
1280 3838 1315 3899 de
1334 3837 1434 3899 furore
1453 3839 1502 3899 ira
1516 3841 1563 3893 tue
1637 3886 1638 3905 ,

402 3945 560 4017 iustissimo
579 3944 696 4017 quidem
710 3944 859 4003 remittens
873 3945 904 4003 in
919 3942 1022 4001 taciem
1037 3942 1144 4001 Christi
1158 3944 1201 4004 tui
1214 3945 1335 4017 respice.
1363 3944 1486 4005 Voluisti
1499 3941 1563 4001 enim

406 4048 482 4107 hunc
495 4064 549 4122 pro
564 4048 646 4107 nobis
661 4054 691 4108 et
705 4050 792 4107 totius
807 4048 905 4107 mundi
919 4050 1044 4123 peccatis
1059 4048 1203 4107 victimam
1218 4064 1289 4122 esso,
1309 4048 1494 4111 mediatorem
1508 4045 1560 4105 uni·
1637 4064 1638 4073 ³

405 4170 470 4213 enm
484 4157 515 4211 et
527 4151 701 4226 pontificem.
738 4154 906 4213 Recordare
922 4154 999 4226 quod
1014 4155 1044 4213 iu
1067 4155 1121 4211 hoc
1135 4152 1195 4213 filio
1211 4159 1261 4212 tuo
1275 4153 1380 4213 dilecto
1398 4154 1508 4215 domiuo
1521 4164 1562 4209 no·

405 4263 466 4319 stro
480 4259 551 4319 Jesu
567 4257 681 4317 Christo
696 4258 892 4317 remissionem
913 4262 1094 4331 peccatorum
1114 4275 1168 4331 pro
1183 4260 1293 4319 miseris
1308 4262 1439 4335 cupimus
1453 4258 1560 4326 domiue,

404 4366 457 4424 sed
471 4365 511 4424 da
523 4367 630 4424 reverti
645 4365 683 4423 ad
697 4370 727 4422 te
741 4362 841 4423 confisi
858 4379 972 4437 quoque
987 4365 1024 4423 dc
1038 4364 1168 4423 bonimte
1183 4371 1234 4425 tua
1245 4382 1350 4439 magns
1360 4382 1504 4448 speramus
1517 4375 1561 4421 nos

405 4470 441 4528 de
456 4486 556 4528 eorum
569 4486 633 4529 esse
648 4486 783 4543 numero,
813 4469 851 4527 de
872 4468 974 4541 quibus
994 4466 1070 4527 filius
1089 4448 1155 4529 tuus
1175 4470 1343 4529 benedictus
1365 4472 1407 4531 ait
1420 4470 1457 4529 ad
1471 4466 1559 4527 tecla-

403 4588 496 4631 mans:
519 4573 622 4647 Pater,
646 4592 701 4649 pro
716 4577 758 4634 eis
772 4590 840 4647 oro,
861 4578 891 4632 et
913 4590 972 4633 non
986 4579 1097 4633 tantum
1117 4591 1171 4648 pro
1186 4577 1242 4649 eis,
1266 4575 1316 4635 sed
1330 4592 1384 4650 pro
1398 4576 1442 4635 his
1458 4574 1504 4647 qni
1516 4585 1560 4646 per

404 4677 495 4736 rerba
508 4693 608 4737 eorum
621 4680 653 4739 in
666 4696 712 4738 me
726 4678 863 4739 credituri
878 4684 946 4737 sunt
960 4684 1014 4739 etc.
1037 4678 1156 4753 Aspiret
1171 4682 1253 4741 nobis
1268 4682 1385 4753 spiritus
1399 4679 1488 4737 saneti
1501 4690 1557 4749 gra-

404 4781 447 4841 tia
461 4784 491 4839 et
504 4780 588 4855 nobis
609 4780 693 4843 fidem
714 4783 876 4858 adaugeat,
899 4800 936 4841 ne
957 4796 1047 4857 opera
1065 4800 1200 4853 manuum
1222 4784 1374 4861 despicies,
1407 4800 1473 4843 oses
1493 4779 1558 4841 euim
