3700 5692
431 734 478 796 34
936 720 1086 779 SATYRA.

521 885 562 952 ad
584 883 635 951 far
657 883 863 951 candidulum
886 890 918 951 et
942 884 1015 967 puri
1039 884 1202 951 carchesia
1225 884 1322 969 cythi,

458 992 569 1061 rsocui
591 1010 713 1076 pernae
736 1009 866 1072 cuneus
891 991 942 1057 cui
965 991 1041 1057 bina
1065 996 1256 1072 supernatet
1281 990 1373 1058 halen

520 1098 553 1163 in
577 1098 749 1179 stomacho,
772 1096 941 1177 languenti
964 1096 1168 1162 irritamenta
1190 1096 1308 1179 palato.

565 1204 657 1283 Quod
680 1209 828 1286 superest
850 1203 940 1283 lucis,
964 1202 1079 1285 pugilis
1105 1202 1214 1268 schola
1237 1202 1338 1269 densa
1360 1203 1458 1284 periti

435 1300 438 1305 ’
521 1310 684 1378 exhaurit:
701 1309 821 1407 0Gallus
843 1308 984 1391 potiores
1008 1308 1127 1390 abripit
1149 1308 1245 1374 horas

521 1414 679 1495 Mirmillo‚
703 1415 835 1498 antiquo
857 1415 969 1479 melius
993 1415 1145 1481 docturus
1169 1414 1209 1479 ad
1233 1413 1351 1481 Orcum

457 1527 665 1592 westernere
688 1520 839 1586 subtilem
861 1520 1056 1603 dignumque
1080 1520 1231 1601 indagine
1256 1518 1376 1586 callem.

520 1625 699 1693 Ridiculum
722 1632 782 1705 est,
806 1625 950 1691 homines
972 1626 1119 1709 populari
1143 1626 1286 1692 occidere
1310 1625 1385 1705 sica,

520 1737 577 1798 aut
599 1732 683 1797 stiva
706 1737 812 1799 costas
836 1738 893 1797 aut
916 1739 1010 1798 conto
1034 1731 1158 1798 illidere
1182 1731 1321 1799 calvam:

419 1831 423 1837 ⁴
521 1837 638 1920 impius
660 1836 720 1903 boc
742 1837 833 1903 miles
856 1838 907 1903 vel
930 1838 1050 1919 praedo
1073 1840 1163 1904 novit
1186 1855 1304 1904 avarus

521 1943 717 2026 aurigaeque
738 1944 827 2008 leves
850 1949 883 2009 et
904 1942 989 2009 filins
1015 1943 1228 2026 Alphesiboei.

458 2067 509 2121 190
520 2047 651 2116 Arufice
673 2048 725 2114 bic
747 2066 828 2130 opus
852 2053 902 2114 est
924 2048 1038 2114 dextra
1060 2048 1311 2131 inconcessaque
1333 2044 1431 2127 uulgo

522 2153 571 2220 vis
593 2154 700 2234 animi,
723 2152 866 2219 studium
887 2153 984 2235 longe
1008 2152 1175 2219 sublimius
1199 2160 1300 2235 optat.

521 2258 651 2343 Ingenti
672 2258 777 2342 pretio
802 2264 835 2324 et
856 2258 957 2324 multo
981 2258 1098 2324 sudore
1120 2259 1299 2341 parandum
1323 2265 1383 2340 cst,

522 2368 559 2429 ut
582 2365 688 2431 discas
709 2371 850 2429 mactare
873 2364 959 2430 viros
982 2370 1015 2430 ct
1039 2364 1132 2431 triste
1156 2366 1294 2431 cadaver

522 2467 663 2535 carnifici
685 2466 801 2534 iecisse
823 2485 931 2533 manu.
977 2468 1047 2534 Tua
1069 2468 1172 2551 gloria
1193 2470 1306 2551 poscit,

462 2590 511 2644 195
523 2572 655 2639 heroum
679 2593 696 2640 o
720 2574 862 2654 sanguis,
885 2579 972 2639 totas
994 2574 1181 2657 impendere
1203 2575 1298 2657 vires,

522 2687 559 2747 ut
581 2682 688 2748 varias
712 2682 818 2748 caedis
842 2682 966 2763 species
990 2688 1023 2748 et
1047 2683 1176 2748 nomina
1200 2681 1314 2762 discas,

521 2792 730 2872 temporaque
753 2791 786 2852 et
807 2786 904 2851 miros
930 2786 1066 2852 distorto
1091 2804 1223 2868 corpore
1245 2784 1363 2865 flexus;

522 2892 594 2977 quis
618 2899 712 2959 tenor
733 2891 859 2958 insidiis
880 2891 1006 2973 habilis,
1031 2898 1132 2975 quota
1152 2892 1239 2959 linea
1260 2898 1373 2975 guttur

522 2995 725 3078 transfodiat,
749 2996 851 3080 qualis
876 2996 1059 3079 pulmonem
1081 2995 1226 3079 perforet
1248 2998 1341 3078 intua,

456 3108 557 3171 aoout
579 3101 674 3169 cadat
695 3101 866 3169 hesternus
890 3102 983 3169 docto
1007 3104 1065 3169 sub
1088 3101 1222 3169 vulnere
1246 3104 1376 3184 amicus,

522 3213 623 3291 utque
646 3226 745 3292 queas
769 3208 874 3273 audax
896 3206 929 3273 in
952 3205 1069 3274 fortem
1092 3226 1254 3274 arcessere
1277 3226 1420 3290 pugnam

523 3313 698 3379 semideum
720 3314 849 3394 socium,
873 3314 900 3379 si
924 3333 1019 3398 quem
1041 3314 1100 3382 tibi
1123 3311 1235 3380 lecerit
1258 3312 1382 3381 bostem

522 3417 693 3487 liberiorve
713 3420 803 3486 iocus
826 3419 968 3500 spretive
990 3419 1110 3485 iniuria
1132 3420 1223 3501 pocli.

521 3524 606 3592 Hinc
629 3544 725 3592 verus
747 3526 806 3593 tibi
829 3532 941 3607 surget
963 3524 1064 3591 honos
1089 3530 1121 3591 et
1144 3523 1246 3605 gloria
1267 3527 1368 3591 maior

457 3647 616 3715 aesquam
638 3650 717 3716 quos
738 3651 797 3715 pro
821 3633 936 3714 patria,
959 3649 1017 3713 pro
1041 3630 1205 3711 religionis
1230 3629 1335 3697 avitae

523 3738 669 3805 uindiciis
694 3739 780 3805 dubii
803 3740 893 3804 iuvat
913 3739 962 3803 ire
983 3738 1015 3803 in
1039 3737 1163 3819 proelia
1186 3736 1309 3802 Martis.

521 3840 594 3907 Non
616 3842 674 3908 hos
698 3843 873 3909 conductus
894 3860 1005 3909 manes
1027 3842 1161 3908 laudare
1184 3843 1334 3909 sacerdos

525 3946 632 4012 uenali
654 3948 746 4014 tollet
769 3967 878 4015 caesos
901 3951 941 4015 ad
966 3949 1071 4015 sidera
1093 3950 1212 4031 lingua,

522 4038 725 4135 proclamans
747 4052 866 4136 populo
890 4061 922 4120 et
944 4054 1113 4120 lacrimosa
1136 4072 1214 4120 voce
1238 4068 1411 4118 recensens

460 4159 575 4230 ambis
598 4177 693 4226 senos
715 4179 909 4243 proavorum
933 4164 1044 4225 atavos
1069 4158 1268 4241 abavquue
1290 4161 1446 4239 parentes

526 4268 559 4329 et
580 4263 711 4347 longum
734 4285 753 4331 a
775 4266 879 4348 prisco
903 4266 1066 4331 deducens
1089 4266 1234 4331 Teutone
1257 4268 1406 4329 stemma:

525 4388 637 4437 uerum
658 4372 823 4439 inhumata
845 4371 944 4437 trahit
968 4372 1147 4438 Germanus
1170 4371 1294 4436 viscera
1315 4367 1435 4449 vultur,

525 4494 662 4560 ossaque
685 4478 879 4560 sanguineos
903 4477 1039 4560 sparsim
1063 4476 1195 4542 disiecta
1216 4493 1276 4557 per
1299 4492 1394 4555 agros

527 4600 546 4645 a
568 4581 646 4648 Jove
668 4588 868 4665 putrescunt,
893 4602 957 4649 non
981 4582 1046 4648 ullo
1070 4582 1199 4648 condita
1221 4581 1325 4647 busto.
1473 4662 1475 4669 Ι

462 4699 514 4753 215
524 4684 594 4751 Hoc
617 4705 737 4768 apage:
760 4686 890 4754 uberior
910 4686 984 4751 laus
1008 4692 1040 4751 et
1062 4683 1193 4753 fortuna
1217 4684 1321 4751 duello
1345 4688 1404 4750 est

529 4786 564 4854 Si
585 4790 696 4867 ¹calvas
719 4793 844 4860 animae
865 4790 1006 4858 infausto
1030 4810 1181 4859 mucrone
1203 4791 1335 4858 resolvit
