3700 5692
975 745 1019 813 30

419 933 502 1009 fecto,
518 934 631 994 domine
646 931 755 1006 doctor,
770 931 872 1007 inquit,
888 933 919 991 in
933 931 988 990 hoc
1002 928 1084 989 nobis
1099 928 1205 1004 injnriu
1218 925 1261 1003 fit,
1276 927 1343 988 num
1354 926 1437 1002 huius
1447 927 1489 987 rei
1499 927 1570 988 nulia

363 1105 365 1109 ,
419 1047 480 1101 tum
492 1039 630 1113 temperis
644 1040 750 1099 mentio
764 1039 863 1099 habita
879 1043 932 1098 est.
956 1037 1105 1096 Invertens
1119 1037 1208 1110 igitur
1219 1033 1330 1096 Ductor
1344 1049 1506 1108 sermonem,
1519 1050 1571 1094 non

419 1144 456 1204 de
471 1145 561 1220 uobis,
578 1143 628 1204 sed
644 1144 785 1217 aliquibus
801 1160 836 1204 ex
851 1143 955 1204 uestris
969 1141 1082 1216 loquor,
1099 1141 1236 1214 ociusque
1251 1158 1269 1200 a
1282 1155 1383 1200 mensa
1396 1139 1572 1216 protocollum

419 1251 560 1327 arripiens
574 1251 646 1311 haec
659 1249 721 1310 fere
735 1251 818 1325 legit:
842 1265 875 1309 so
890 1247 987 1308 seindt
1000 1265 1052 1308 vor
1070 1265 1142 1307 unns
1162 1247 1350 1308 erschienenn
1368 1245 1450 1308 Graii
1468 1245 1572 1308 Jchenn

418 1374 475 1415 von
489 1355 630 1416 Waldeck
644 1354 720 1414 rnnd
737 1353 820 1413 Greff
831 1353 934 1413 Albert
947 1368 1004 1412 uon
1020 1354 1072 1414 der
1086 1354 1171 1426 Hoya
1186 1359 1255 1427 etc,
1276 1353 1377 1413 wilcis
1395 1354 1447 1414 uir
1464 1353 1514 1428 jnn
1532 1351 1573 1411 die

418 1460 601 1535 verschnung
612 1459 819 1535 vffgenomeun,
834 1458 919 1520 idoch
931 1459 973 1518 sie
983 1456 1020 1519 do
1030 1458 1078 1519 bie
1091 1457 1293 1533 bescheidenn,
1309 1459 1351 1518 sie
1365 1459 1477 1520 soltenn
1489 1455 1574 1517 ferner

418 1565 587 1640 derewegen
604 1565 649 1625 bie
665 1565 717 1625 der
730 1566 931 1641 keyserlichen
945 1563 1089 1638 Mayestet
1103 1564 1281 1640 Ansuchung
1294 1565 1367 1624 thun
1383 1569 1436 1623 etc.
1465 1563 1503 1622 Et
1515 1566 1574 1636 post

419 1671 508 1729 multa
521 1673 619 1731 attulit
632 1671 713 1732 haec.
737 1672 775 1731 Se
790 1677 819 1730 et
834 1673 878 1730 sni
892 1670 951 1732 ulbi
960 1671 1089 1730 homines
1099 1669 1170 1730 nihil
1178 1671 1258 1731 eliud
1271 1669 1387 1730 efficere
1396 1685 1487 1744 posse,
1499 1682 1575 1741 quum

419 1782 453 1834 ut
472 1783 619 1851 curarent,
644 1793 701 1850 quc
720 1793 808 1837 censa
827 1782 926 1837 nostra
947 1777 985 1836 ad
1006 1773 1148 1837 anwrem
1166 1775 1324 1838 referretur
1346 1780 1377 1836 et
1399 1775 1436 1836 ed
1457 1775 1486 1834 id
1503 1773 1576 1832 nobis

420 1898 500 1940 suam
521 1898 637 1955 operam
658 1883 799 1955 pollicitus
819 1888 872 1942 est.
909 1883 968 1943 Ubi
986 1897 1054 1942 vero
1075 1897 1162 1941 cause
1182 1881 1219 1942 ed
1238 1883 1442 1956 inperatorem
1457 1877 1577 1939 devoluta

420 1983 518 2060 fuerit,
534 1993 595 2046 tum
610 2003 662 2046 nos
679 1994 812 2062 oportere
827 2004 886 2046 suae
901 1988 1060 2060 mejestatis
1075 2003 1245 2070 responsum
1261 1991 1423 2061 expectare.
1446 1985 1519 2044 Dum
1532 1998 1577 2042 eu·

418 2099 477 2151 tem
491 2091 527 2151 de
541 2109 623 2154 more
637 2099 666 2154 et
681 2094 812 2167 expensis
828 2092 922 2153 obiter
938 2093 1104 2167 diceremus,
1120 2093 1170 2166 ait,
1186 2091 1344 2166 parendum
1359 2107 1425 2152 esse
1436 2089 1533 2150 caesam
1554 2091 1580 2146 et

419 2197 461 2255 ilii
476 2213 508 2256 se
522 2200 614 2272 ipsum
628 2199 790 2260 resolvendi
804 2197 892 2276 (nore
905 2199 981 2258 enim
995 2198 1067 2257 haec
1081 2196 1180 2257 aulicis
1194 2197 1225 2256 in
1236 2197 1290 2258 hcc
1299 2195 1462 2272 significatu
1471 2199 1577 2268 recepta
1636 2245 1640 2256 .

419 2319 476 2362 vox
490 2301 545 2377 est)
559 2304 667 2376 jnstum
681 2311 793 2378 tempus
814 2302 1029 2364 concedendum
1047 2301 1119 2363 fors.
1158 2302 1206 2362 Sic
1226 2299 1446 2377 quadrupedum
1465 2300 1580 2362 caballo·

419 2424 483 2478 rum
497 2408 616 2482 pedibus
630 2411 686 2468 huc
700 2410 813 2470 advecti
827 2411 876 2469 vix
890 2409 981 2469 laneis
1001 2410 1083 2469 nobis
1104 2409 1151 2467 hic
1171 2408 1359 2469 incedendum
1382 2413 1436 2469 est.
1472 2408 1579 2467 Mature

420 2513 507 2572 etiam
521 2514 652 2574 deminus
661 2516 821 2589 Leporinus
832 2516 1004 2590 superuenit,
1021 2514 1099 2590 apud
1111 2513 1284 2587 cusmidem
1293 2515 1325 2574 iu
1336 2509 1582 2588 presentiaviglii

419 2619 540 2692 egimus,
562 2619 604 2677 illi
618 2622 736 2694 insuper
750 2621 915 2680 memoriam
930 2621 966 2680 de
980 2625 1058 2681 stetu
1068 2622 1223 2679 'comitatus
1238 2617 1329 2680 nostri
1346 2607 1530 2691 refricantes,
1551 2621 1579 2673 ut

419 2727 469 2798 qui
482 2728 619 2786 mactetui
632 2727 827 2786 herciscundoe
841 2724 1019 2787 hereditatis
1034 2731 1140 2787 nostrae
1155 2722 1338 2800 interfuerat,
1364 2725 1446 2800 quod
1466 2729 1495 2785 et
1512 2725 1579 2798 ipse·

418 2839 476 2891 met
490 2834 615 2906 ingenue
629 2831 765 2892 confitens
780 2833 923 2908 pollicitus
939 2837 984 2891 est
1006 2837 1036 2892 et
1055 2848 1136 2891 susm
1156 2847 1281 2905 operam.
1320 2829 1452 2892 Conveni
1474 2835 1502 2889 et
1520 2827 1580 2900 Via·

418 2937 488 2996 lium
501 2941 634 3013 seorsim,
656 2945 685 2999 ct
699 2939 724 2998 is
739 2939 870 3013 quaedam
884 2939 1001 3013 negavit
1016 2944 1045 2998 et
1059 2939 1136 2998 sensi
1150 2937 1193 2997 illi
1208 2933 1470 3005 fraudemefsctam.
1500 2933 1582 2994 Novit

419 3048 522 3103 cuncta
535 3044 623 3120 Dens,
639 3046 687 3119 qui
703 3051 732 3106 et
746 3047 858 3105 occulte
871 3043 1019 3118 dijudicat.
1043 3045 1146 3118 Sicque
1160 3045 1226 3104 hinc
1240 3044 1357 3104 abitum.

506 3151 541 3209 In
555 3150 656 3211 eodem
669 3152 773 3210 itinere
784 3150 821 3209 D.
831 3151 850 3210 J
851 3165 973 3209 oannem
982 3147 1190 3223 Murqnerdum
1205 3149 1322 3209 allocuti
1335 3165 1454 3210 sumus·
1470 3149 1499 3206 Is
1512 3159 1579 3220 pre·

418 3263 465 3316 ter
479 3260 635 3317 ceteros'se
648 3257 804 3318 humanum
818 3262 848 3316 et
867 3263 998 3330 apertum
1020 3256 1103 3317 nobis
1117 3255 1251 3330 proebuit,
1276 3255 1439 3331 spondens,
1457 3269 1494 3314 se
1514 3248 1583 3325 epod

418 3361 598 3423 archiducem
612 3361 735 3424 fideliter
750 3368 878 3423 nostram
892 3379 1008 3424 cauum
1027 3367 1165 3422 acturum.
1204 3362 1250 3420 Ex
1269 3363 1346 3421 omni
1369 3367 1469 3422 autem
1492 3359 1581 3418 docto·

418 3484 483 3527 rum
497 3471 591 3530 verbis
604 3471 705 3545 liquet,
721 3469 811 3545 probe
826 3470 883 3529 illis
897 3469 1042 3542 cognitum
1057 3481 1120 3526 esse
1135 3467 1217 3528 nobis
1231 3467 1369 3541 injuriam
1383 3466 1463 3542 fieri,
1479 3466 1583 3536 hocque
1658 3495 1659 3498 =

418 3575 529 3634 consilii
541 3575 734 3649 Marquurdus
750 3574 843 3649 dedit,
859 3576 928 3649 quia
943 3575 1058 3634 comites
1073 3589 1091 3630 e
1106 3571 1199 3632 Ostiis
1213 3589 1328 3646 pressos
1344 3579 1374 3634 ct
1390 3572 1486 3648 premi
1501 3569 1583 3630 anim·

419 3680 597 3756 adverteret,
620 3698 677 3741 non
691 3683 734 3740 illi
749 3679 946 3756 infrugiferam
961 3678 1065 3752 videri,
1089 3683 1122 3737 ut
1140 3679 1258 3738 comites
1278 3678 1354 3753 apud
1376 3679 1524 3738 Gaeserem
1543 3675 1582 3732 in·

418 3791 504 3860 stent,
520 3802 577 3860 quo
592 3789 742 3847 comitatus
756 3787 830 3846 liber
842 3785 981 3846 reddetur
995 3783 1123 3860 imperio,
1141 3784 1177 3844 dc
1193 3773 1297 3858 quere
1312 3786 1410 3845 multis
1422 3783 1519 3844 verbis
1530 3781 1582 3840 dis·
1658 3765 1659 3828 i

418 3891 516 3948 seruit.
548 3890 676 3964 eumque
689 3908 742 3951 nes
757 3891 928 3965 diceremus,
949 3890 1047 3951 ridere
1062 3889 1258 3966 quidemnos,
1281 3890 1450 3964 quidnobis
1466 3901 1583 3949 commc-

420 3992 484 4052 dius
499 4001 583 4069 esset,
599 4011 699 4056 rerum
713 4014 766 4057 nos
780 4002 811 4057 et
823 3997 949 4057 rusassos
959 3995 1106 4056 Caeterum
1120 3998 1257 4072 principis
1272 4013 1344 4071 esse,
1362 4002 1393 4056 et
1408 3994 1583 4068 eidemjure·

416 4098 541 4171 iurando
550 4102 692 4161 astrictos.
712 4101 833 4161 Referre
841 4108 940 4162 autem
955 4103 1070 4162 caesaris
1085 4107 1117 4161 ut
1132 4102 1194 4178 ipse
1209 4103 1363 4162 clementer
1378 4119 1447 4161 cnm
1462 4099 1584 4174 principe

418 4206 626 4266 nostrodehac
637 4224 670 4267 re
685 4213 761 4282 aget,
777 4223 814 4267 ne
828 4210 927 4266 noster
941 4213 971 4266 et
983 4206 1075 4268 honos
1091 4215 1121 4268 et
1135 4209 1308 4268 conscientie
1321 4209 1398 4267 mele
1414 4205 1584 4268 afficientur.

417 4309 451 4370 Id
464 4312 589 4394 instituti
603 4312 796 4387 Merquurdns
811 4312 947 4387 laudans,
967 4312 1079 4388 probe,
1094 4314 1149 4386 ait,
1172 4315 1227 4374 hcc
1246 4331 1265 4373 a
1284 4313 1365 4373 vobis
1385 4312 1513 4385 dictum,
1536 4309 1585 4367 hcc
1658 4335 1659 4362 1

418 4418 493 4477 enim
513 4420 561 4478 ria
578 4417 773 4493 aggredienda
792 4434 840 4477 res
860 4423 949 4493 esset,
970 4424 1002 4478 ut
1021 4419 1172 4479 comitatus
1192 4419 1230 4478 sit
1249 4418 1323 4478 liber
1342 4419 1484 4492 imperio,
1507 4415 1585 4476 Oattc

418 4528 513 4605 autem
527 4521 580 4582 fiet
599 4524 677 4597 quod
695 4524 738 4583 illi
757 4522 892 4596 debetur,
916 4529 947 4584 et
966 4525 1051 4584 detur
1073 4540 1162 4599 opera
1183 4541 1219 4585 ne
1241 4541 1292 4586 vos
1312 4526 1469 4598 vestrique.
1484 4517 1585 4582 subditi

418 4625 491 4684 adeo
506 4627 536 4685 in
550 4628 717 4688 servitutem
724 4627 903 4703 redigantur.
924 4630 1039 4691 Habeat
1045 4645 1095 4689 vos
1106 4631 1216 4690 Hessus
1226 4636 1259 4691 ut
1270 4631 1403 4706 recedes,
1420 4630 1475 4690 sed
1484 4627 1586 4687 hebeat

418 4745 532 4804 quoque
546 4737 579 4790 ut
591 4733 709 4794 comites
723 4733 829 4794 liberos
843 4735 964 4808 imperii.
991 4736 1066 4795 Nam
1083 4737 1107 4794 si
1122 4737 1146 4794 is
1161 4735 1232 4796 ordo
1247 4737 1428 4810 interruptus
1444 4751 1505 4797 nun
1519 4731 1583 4792 fuis·

418 4839 475 4911 set,
495 4851 555 4898 non
574 4839 715 4912 potuisset
731 4841 829 4900 tantus
849 4840 988 4903 tumultus
1006 4843 1140 4904 enudari
1159 4847 1213 4905 etc
1248 4843 1301 4905 Ait
1317 4843 1400 4906 item:
1426 4843 1586 4918 Immrutor
