3700 5692
294 924 330 983 ln
342 922 448 983 litteris
459 921 642 993 ,mosomum
663 919 810 994 quibustis
828 917 903 977 liber
923 934 1054 977 accessus
1075 934 1110 977 er
1125 917 1300 979 Ferdinandi
1320 920 1417 995 regnis
1432 921 1462 979 in

295 1030 454 1087 Turcarum
469 1026 590 1100 imperio
605 1026 834 1099 negotiationum
853 1024 901 1083 rel
922 1023 1044 1082 aliarum
1059 1038 1156 1082 rerum
1171 1040 1240 1098 ergo
1255 1025 1419 1085 conceditur
1434 1030 1464 1085 et

295 1143 442 1205 econtra,
467 1131 593 1206 exceptis
607 1135 704 1189 tamen
718 1129 863 1204 gentibus,
884 1144 956 1199 quas
971 1128 1167 1201 Heydelosen,
1192 1130 1381 1203 Martolosen,
1395 1106 1461 1190 llis·

295 1237 394 1295 knken
408 1217 566 1295 nominant.
592 1236 751 1295 Provisum
765 1240 810 1293 est
824 1241 854 1293 et
867 1235 898 1291 in
911 1232 956 1291 his
970 1233 1083 1306 litteris,
1099 1240 1131 1291 ut
1145 1233 1315 1305 Rixaspides
1330 1236 1367 1293 ab
1381 1238 1462 1293 utra·

295 1356 353 1413 que
367 1345 452 1414 parte
469 1338 590 1399 dominis
604 1341 797 1399 remittantur.
820 1337 1012 1411 Heydelosen,
1028 1336 1214 1411 Martolosen,
1231 1338 1380 1397 Vislrulren
1393 1354 1461 1412 gen·

292 1451 337 1505 tes
352 1445 473 1505 suntad
489 1445 628 1504 terminos
647 1443 862 1503 Pannoniarum
883 1442 1158 1515 Constantinopolim
1180 1458 1294 1517 versus,
1316 1442 1462 1503 hominum

290 1567 385 1624 genus
405 1549 468 1608 iere
491 1548 631 1621 sylvestre
650 1550 742 1607 instar
761 1548 800 1625 (si
819 1546 925 1606 fabulis
945 1546 1015 1605 fides
1035 1545 1178 1622 habenda)
1199 1549 1304 1621 satyris
1325 1564 1463 1608 cavernas

290 1658 443 1727 petrarum
458 1659 489 1711 et
502 1651 625 1725 abrupta
634 1654 773 1712 montium
782 1652 983 1724 inhabitantes,
1001 1667 1036 1709 ex
1050 1652 1150 1725 praeda
1165 1658 1194 1712 et
1209 1652 1367 1712 latrociniis
1381 1654 1463 1712 uicti·

289 1763 397 1831 tantos,
414 1758 465 1830 qui
487 1755 664 1815 Christianos
686 1758 718 1815 iu
732 1758 865 1816 Turciam
887 1753 1101 1829 proficiscentes
1115 1756 1162 1814 vel
1176 1772 1193 1815 a
1208 1758 1404 1830 negociatione
1418 1775 1464 1818 re·

291 1862 416 1921 deuotes
435 1862 503 1922 dolo
521 1861 731 1935 aggrediuntur
750 1878 784 1919 ac
804 1859 883 1920 furto
906 1860 1066 1933 abducunt,
1093 1876 1141 1919 eos
1166 1863 1210 1921 vel
1225 1863 1393 1936 pendentes,
1416 1864 1462 1922 vel

289 1964 478 2025 inemtatibus
498 1967 677 2025 mulctantes.
714 1966 857 2024 Dicuntur
879 1969 974 2023 antem
996 1981 1058 2023 esso
1078 1963 1207 2023 homiues
1223 1967 1360 2040 inermes,
1385 1966 1463 2041 apud

289 2086 365 2143 quoa
389 2070 485 2128 nullus
503 2086 649 2128 armorum
667 2087 736 2129 naus
757 2071 810 2141 sit,
830 2074 936 2142 preter
955 2064 1045 2127 fustes
1060 2069 1170 2142 ligneos
1185 2069 1230 2128 vel
1245 2072 1370 2144 perticas
1385 2088 1461 2143 prrs-

290 2176 471 2233 acuminatas
487 2175 589 2234 Turcis
603 2191 686 2249 aeque
701 2191 735 2234 ac
751 2173 920 2239 Christianis
935 2172 1020 2233 invisi
1035 2178 1089 2233 ete.

383 2280 543 2354 Tributnm,
560 2280 638 2353 quod
652 2278 867 2339 aFerdinando
877 2279 1036 2337 Tartarum
1050 2277 1217 2350 imperatori
1232 2278 1328 2352 datur,
1344 2276 1381 2335 ad
1395 2294 1462 2350 por·

290 2391 354 2443 tam
368 2388 500 2443 eandam
514 2400 568 2456 per
582 2385 728 2444 ministros
742 2385 838 2457 regios
853 2383 1007 2455 quotannis
1021 2382 1154 2440 mittitur.

384 2488 543 2547 'lurcorum
557 2490 715 2563 imperator
728 2490 759 2545 in
774 2487 966 2546 contractibus
981 2488 1035 2544 hoc
1051 2485 1198 2544 exordium
1212 2490 1323 2545 servat:
1346 2485 1461 2545 Auxilio

289 2592 338 2651 dei
353 2594 557 2666 omnipotentis
572 2599 602 2653 et
615 2593 738 2665 apostoli
750 2581 847 2652 ‘nostri
861 2592 953 2650 sancti
969 2590 1125 2649 Mahomet.

381 2696 523 2756 Undeoim
547 2698 704 2757 ducatuum
722 2697 846 2756 barones
868 2704 899 2755 et
918 2696 1030 2755 nobiles
1049 2694 1178 2769 ungarici
1192 2695 1352 2753 Turcarum
1372 2695 1461 2769 impe·

287 2802 384 2862 ratori
398 2802 508 2862 tributa
521 2803 648 2875 pendere
663 2802 792 2878 stipulati
807 2808 883 2860 sunt.

381 2906 519 2981 Zanzeri,
533 2908 733 2981 Bogeboiarii,
750 2908 914 2981 Zamegen,
931 2907 1071 2980 Zeugma,
1088 2905 1183 2964 Glissa
1197 2905 1377 2977 receptaculo
1391 2904 1461 2963 Hei·

292 3009 473 3070 doctiorum.

381 3115 506 3190 Datum,
527 3122 561 3175 ut
580 3122 699 3189 vocant,
724 3116 885 3175 litterarum
905 3115 1085 3173 induciarum
1104 3116 1146 3172 sic
1163 3114 1263 3174 habet:
1295 3112 1379 3173 Anno
1401 3114 1463 3171 nati

288 3222 419 3293 apostoli
449 3221 542 3280 nostri
567 3222 784 3293 nongentesimo
812 3220 1046 3292 quinquagesimo
1074 3234 1164 3290 nono,
1195 3218 1295 3276 ultima
1317 3218 1461 3289 Octobris3

291 3326 363 3384 anni
377 3341 449 3384 uero
464 3323 645 3384 induciarum
655 3327 717 3399 Jam
731 3331 791 3384 tres
805 3323 980 3396 praeteriere.

382 3428 528 3502 Liberius,
540 3434 574 3486 ut
581 3430 644 3503 ipso
654 3430 760 3503 ajebat,
770 3428 994 3487 antemeridiem
999 3425 1123 3499 Viglium
1135 3426 1286 3483 convenire
1294 3424 1460 3495 nonpotuit.

379 3532 491 3592 Eadem
505 3535 651 3593 hortulum
673 3536 774 3593 animae
790 3552 808 3592 a
823 3533 949 3606 Georgio
964 3531 1089 3605 quodam
1100 3530 1332 3602 Norinbergense
1347 3528 1461 3599 abipso

287 3636 407 3696 filiabus
422 3639 482 3695 auis
496 3639 662 3710 inscriptam
682 3644 712 3698 et
732 3637 955 3696 consolationem
976 3632 1204 3694 christifidelium
1218 3634 1248 3691 in
1262 3633 1462 3705 persecutione

288 3759 344 3817 per
363 3742 532 3816 magistrum
551 3743 649 3801 Vitem
671 3742 853 3801 Theodorum
879 3742 1070 3813 conscriptam
1097 3755 1150 3814 pro
1171 3737 1286 3797 domina
1306 3752 1390 3795 socru
1410 3750 1462 3793 sex

289 3847 384 3906 battis
397 3848 571 3919 comparari.
866 3840 870 3848 ’

275 4008 281 4019 ,
334 3950 340 3959 ’
379 3949 491 4009 Eadem
512 3950 580 4009 dnm
601 3950 640 4007 ab
659 3949 782 4021 bospitio
803 3949 947 4007 Wilhelrui
968 3950 1078 4009 comitis
1100 3954 1180 4008 recta
1209 3964 1262 4023 per
1290 3946 1461 4007 dominicum

289 4057 475 4112 transeunter
494 4053 649 4125 hospitium
666 4060 797 4114 nmmum
819 4054 956 4127 petimus,
979 4052 1099 4111 vidimus
1121 4058 1189 4113 ante
1214 4068 1295 4112 casas
1314 4049 1462 4125 cuiusdam

290 4157 456 4232 bibliopola
477 4159 508 4215 in
526 4159 650 4231 gratiam
669 4160 847 4231 papistoruru
864 4159 1019 4231 imaginem
1042 4159 1224 4232 imperatoris
1245 4159 1345 4216 turcici
1364 4156 1402 4215 ad
1421 4156 1463 4213 vi·

292 4279 362 4321 uum
376 4261 520 4335 depictam
533 4279 592 4321 una
606 4279 671 4321 cum
684 4264 785 4322 charta
800 4262 933 4335 quadam,
949 4264 980 4319 in
996 4278 1053 4335 qua
1068 4268 1098 4323 et
1116 4261 1225 4335 effigies
1241 4262 1340 4335 optimi
1354 4259 1460 4333 princi-

289 4368 335 4439 pis
355 4365 479 4425 Joauuis
499 4368 641 4426 Friderici
661 4365 741 4426 ducis
762 4367 894 4427 Saxouioe
913 4373 968 4426 etc.
999 4368 1131 4427 electoris
1158 4365 1296 4424 deliniata
1319 4367 1395 4435 crat,
1419 4363 1462 4421 ita

289 4476 433 4545 prostare,
449 4476 483 4529 ut
496 4477 619 4544 uterque
633 4472 769 4545 alterum,
794 4477 827 4529 nt
840 4472 883 4530 ita
895 4471 1008 4545 loquar,
1024 4472 1192 4529 intueretur.
1229 4455 1352 4527 leebat
1366 4470 1461 4526 autem

290 4574 449 4648 bibliopola
463 4574 519 4634 bac
531 4576 645 4648 pictura
658 4574 819 4649 ostendere,
834 4576 887 4636 hos
899 4574 972 4634 duos
988 4580 1017 4633 ct
1030 4573 1156 4645 ejusdem
1171 4588 1244 4631 carae
1254 4572 1382 4630 homines
1398 4587 1461 4631 esse

290 4684 321 4737 et
334 4679 501 4739 christiane
524 4679 688 4753 reipublice
710 4675 904 4739 auodaimoa
923 4678 1030 4737 lrostos.
1062 4678 1168 4735 Verum
1182 4694 1218 4736 ne
1233 4682 1371 4750 perpetuo
1386 4676 1460 4749 opti·
1513 4699 1515 4703 ¹

289 4800 354 4843 mus
368 4784 501 4859 princeps
517 4783 708 4860 derideretur,
724 4801 777 4858 pro
792 4800 843 4843 sex
857 4784 949 4845 battis
964 4788 1114 4855 utramque
1129 4783 1270 4857 picturam
1285 4782 1348 4842 emi.
