3700 5692
966 745 1009 812 32

405 938 502 994 tentus
522 932 588 1005 fuit;
612 932 701 992 multa
715 946 778 991 cnm
799 929 854 989 hoc
873 928 987 987 homine
1007 927 1114 1001 optimo
1134 931 1163 986 et
1182 926 1414 1002 persuasionibus
1432 933 1460 987 et
1478 928 1554 987 niuis

406 1054 458 1098 nec
472 1054 530 1097 uon
544 1042 574 1096 et
588 1037 839 1112 pollicitationibus
853 1049 995 1110 peragere
1010 1033 1150 1107 papistica
1169 1045 1239 1108 gens
1258 1033 1404 1108 cupiebat,
1426 1032 1475 1092 sed
1493 1033 1557 1091 nihil

407 1148 457 1203 ant
471 1160 571 1218 parum
586 1140 716 1202 effectum
731 1146 784 1216 est,
799 1142 866 1200 licet
880 1139 978 1213 Lagus
994 1143 1023 1198 et
1031 1139 1157 1199 Mustela
1166 1139 1256 1198 multa
1265 1139 1421 1214 gloriantes
1431 1137 1557 1212 garrient.

494 1249 641 1308 Musonius
663 1249 746 1307 annis
759 1247 827 1321 xviij
842 1245 981 1321 Augustae
1002 1247 1033 1306 in
1050 1245 1139 1306 verbo
1155 1243 1271 1305 Domini
1292 1243 1416 1320 praefuit.
1449 1244 1559 1304 Liberos

405 1347 493 1414 habet
507 1360 570 1413 octo
586 1359 640 1412 etc.
668 1351 773 1411 Libros
789 1353 924 1427 Zenonis,
942 1351 1082 1424 Socratis,
1098 1350 1241 1425 Pamphili
1254 1351 1390 1424 martyris
1404 1355 1434 1410 et
1447 1349 1558 1409 aliorum

406 1456 526 1532 triginta
540 1451 664 1532 quinque
686 1475 723 1517 ex
737 1473 831 1532 graeco
846 1458 881 1516 in
901 1458 1021 1518 latinum
1040 1456 1200 1529 transtulit,
1224 1470 1346 1530 quorum
1365 1455 1475 1528 aliquot
1493 1451 1559 1512 Her·

407 1567 508 1639 regins
524 1565 647 1639 excudit,
664 1565 713 1624 elii
728 1565 822 1624 adhuc
837 1563 913 1637 apud
929 1561 1077 1622 authorem
1092 1561 1218 1622 lutitant.

495 1671 623 1743 Fuggeri
637 1673 761 1742 quatuor
775 1668 950 1742 nathaniae,
971 1667 1100 1727 Joannes
1120 1668 1259 1743 lacobus,
1282 1667 1412 1740 loannes
1430 1662 1562 1737 Georgius

408 1781 437 1835 et
445 1775 637 1847 Hieronymus
644 1775 703 1835 vita
718 1770 866 1834 excessit¹
884 1774 1012 1846 damper
1024 1791 1115 1834 ennos
1127 1775 1237 1848 aliquot
1248 1775 1376 1848 locuples
1388 1772 1500 1832 habitus
1510 1785 1562 1828 non

409 1885 460 1955 est,
477 1882 526 1954 qui
541 1881 691 1954 sexaginta
704 1885 755 1939 aut
769 1879 934 1952 octuaginta
948 1879 1027 1939 milia
1041 1879 1157 1938 numum
1171 1895 1230 1938 non
1246 1879 1407 1940 excederet.

495 1986 622 2045 loannes
637 1984 772 2060 Agricola
789 1962 829 2045 ab
847 1985 983 2045 Eisleben
1002 1985 1051 2044 hic
1068 1984 1217 2045 Jouchimo
1236 1967 1354 2045 electori
1374 1979 1564 2044 brandenbu-

408 2093 488 2166 gensi
503 2109 522 2151 a
536 2078 717 2151 concionibus
732 2097 776 2151 est
790 2092 889 2151 sacris.

437 2223 444 2232 ·
496 2199 573 2258 Villa
588 2203 617 2258 et
631 2197 771 2257 habitatio
787 2195 916 2256 Schertel
931 2195 1115 2256 Burtenbach
1128 2213 1187 2257 nou
1201 2197 1300 2272 procul
1315 2196 1353 2256 ab
1370 2196 1502 2270 Augusta
1519 2195 1565 2263 est,

410 2319 495 2376 quam
509 2303 670 2378 Augustani
684 2319 737 2377 pro
752 2301 947 2377 quadraginta
961 2299 1085 2361 millibus
1100 2301 1217 2362 nuatum
1231 2302 1269 2363 ab
1282 2302 1345 2377 ipso
1365 2317 1399 2362 se
1419 2313 1512 2370 emero
1531 2295 1568 2355 illi

410 2411 613 2484 promiserunt.

497 2493 645 2589 neporus
658 2515 810 2576 muana
824 2514 892 2574 eum
906 2515 1036 2574 maeno
1052 2515 1173 2589 arceret,
1195 2514 1283 2575 sibia
1303 2510 1489 2573 nordmanno
1506 2524 1569 2582 rege

413 2621 615 2695 exprobratum
628 2621 705 2694 quod
713 2620 896 2681 Lutheranos
909 2621 1123 2681 concionatores
1135 2619 1238 2694 adiret,
1251 2635 1286 2679 ac
1295 2619 1380 2678 illum·
1385 2615 1569 2693 respondisse,
1653 2657 1654 2660 ,

414 2726 491 2798 Quid
505 2732 602 2786 vestra
616 2727 750 2800 majestas
772 2743 835 2784 cum
855 2725 1028 2786 Lutheranis
1048 2725 1222 2800 principibus
1241 2724 1395 2798 Mauritio,
1417 2721 1572 2784 marchione

412 2834 441 2889 et
459 2831 523 2890 aliis
541 2829 721 2891 familiariter
741 2833 881 2906 loquitur,
903 2833 1023 2907 insuper
1042 2830 1166 2892 comedit
1185 2835 1214 2890 et
1228 2827 1352 2904 potitae?
1375 2829 1414 2889 D.
1431 2824 1570 2888 Musonius

411 2934 488 2995 infit:
511 2936 572 2995 Scis
584 2937 661 3010 quod
674 2943 704 2998 te
719 2954 865 3012 nunqnam
879 2939 1053 3010 vocaverim3
1070 2939 1112 2998 ita
1125 2940 1154 2996 te
1169 2951 1223 2996 uec
1236 2935 1321 2995 dorna
1337 2935 1479 2996 excedere
1494 2933 1573 2992 etiam

410 3042 496 3114 jussi3
520 3044 600 3124 venis
615 3059 679 3102 cum
693 3044 746 3103 tibi
761 3044 878 3103 libuerit
898 3046 928 3102 et
947 3040 1010 3102 abis
1028 3043 1078 3103 ubi
1098 3041 1248 3118 placuerit.
1290 3042 1321 3102 Si
1341 3042 1437 3104 honus
1456 3035 1573 3107 intrasti,

411 3147 502 3206 bonus
517 3147 616 3222 exibis,
632 3165 697 3208 mea
711 3149 783 3207 nihil
797 3147 896 3208 refert.

501 3255 584 3312 Vitas
599 3255 767 3316 Theodorus
783 3254 820 3314 ad
833 3255 997 3315 Musonium
1012 3257 1180 3332 perscripsit
1193 3257 1269 3316 inter
1282 3254 1423 3314 triduum.
1436 3249 1536 3312 ‘Adest
1548 3250 1576 3306 ct

296 3409 301 3418 .
413 3359 507 3422 Julius
520 3359 613 3437 Pflug.

500 3465 613 3527 Accidit
621 3468 698 3528 intra
709 3468 762 3527 hos
778 3468 848 3542 dies,
863 3475 896 3529 ut
908 3468 966 3529 dno
981 3467 1093 3544 pedites
1106 3467 1232 3542 ingluvie
1248 3470 1278 3526 et
1290 3481 1372 3526 mera
1388 3463 1508 3526 distenti
1523 3475 1576 3520 au·

413 3571 562 3632 balacrum
576 3557 643 3632 ante
658 3574 829 3634 dominicum
843 3576 1016 3648 transirent,
1040 3578 1070 3634 et
1083 3574 1158 3632 alter
1173 3577 1326 3646 conspecta
1345 3569 1443 3646 effigie
1464 3566 1577 3629 loannis
1653 3571 1654 3576 ’

403 3676 555 3738 ·Friderici
570 3681 701 3739 electoris
715 3681 746 3739 in
760 3682 936 3755 cicatricem,
960 3695 1045 3754 quam
1060 3680 1090 3737 in
1104 3679 1223 3738 sinistra
1236 3677 1353 3738 maxine
1368 3675 1442 3751 fert,
1466 3673 1579 3734 mutar

414 3782 608 3860 deblaterans,
630 3802 694 3845 cum
713 3788 750 3848 ab
771 3788 863 3847 altero
877 3786 940 3846 haec
954 3783 1043 3860 verbe
1057 3780 1199 3844 facessere
1212 3784 1377 3858 iuberetur,
1401 3799 1472 3842 mox
1487 3777 1575 3852 evagi-

414 3894 483 3947 nato
504 3888 600 3962 gladio
622 3896 846 3967 computatorem
865 3906 948 3951 snum
970 3886 1093 3963 invadit,
1117 3889 1166 3963 qui
1189 3891 1299 3965 etipse
1320 3889 1393 3950 adeo
1417 3893 1533 3948 strenue
1554 3885 1580 3940 et

415 3992 547 4053 electoris
562 3995 698 4057 honorem
713 4003 742 4057 et
755 3998 902 4072 proprium
917 4012 1021 4072 corpus
1037 3995 1180 4070 defendit,
1203 4001 1236 4057 ut
1250 3995 1426 4056 convieiator
1441 3994 1491 4054 ille
1512 3989 1578 4049 elee

414 4098 485 4156 toris
500 4101 638 4160 exanimis
651 4103 683 4162 in
697 4104 804 4164 terram
819 4102 994 4176 concideret,
1011 4102 1060 4175 qui
1075 4117 1143 4162 vero
1158 4117 1222 4162 eum
1236 4106 1438 4178 percusserat,
1454 4097 1523 4173 iuga
1538 4109 1578 4154 ea·

415 4203 468 4262 luti
487 4221 548 4264 snm
569 4208 720 4268 consuluit.

502 4310 605 4370 Petrus
619 4311 768 4372 Barbirius
783 4312 850 4372 dum
864 4329 904 4373 aes
919 4313 1045 4374 ebenum
1064 4320 1115 4374 aut
1129 4313 1255 4375 debitum
1270 4331 1289 4374 a
1303 4329 1373 4390 rege
1384 4309 1578 4380 Fordinando,

414 4415 492 4488 quod
507 4432 538 4475 se
553 4415 590 4476 ad
604 4416 748 4491 myriades
762 4419 872 4492 aliquot
886 4420 951 4478 anri
966 4419 1105 4495 extendit,
1126 4422 1243 4496 repetit,
1266 4419 1454 4480 Lutheranus
1473 4423 1502 4478 ot
1521 4430 1580 4475 esse

415 4527 565 4580 accusatur
586 4529 615 4583 et
634 4530 729 4583 castro
748 4540 800 4584 suo
821 4525 945 4584 exuitur.
975 4525 1059 4585 Hanc
1078 4525 1156 4598 quod
1179 4526 1265 4602 longo
1284 4531 1414 4600 tempore
1431 4515 1580 4585 'ausmiaaoe

388 4633 390 4639 ·
416 4623 511 4683 domui
524 4627 686 4688 inservierit
700 4620 858 4690 mercedem
872 4637 1026 4707 reportans
1045 4646 1120 4690 nunc
1139 4631 1220 4692 aulas
1240 4630 1371 4693 deridens
1391 4645 1506 4690 summo
1525 4627 1579 4686 Do·

415 4727 492 4788 mino
507 4733 605 4790 seruit.

990 4823 1006 4860 e

491 4905 503 4951 l
523 4900 614 4954 Ldoke
631 4919 684 4957 ron
702 4905 755 4958 fast
772 4907 845 4958 einer
862 4906 940 4963 aeile.
