3700 5692
975 679 1019 748 28

496 864 567 939 xxiij
581 861 691 938 Aprilis
703 864 778 922 hora
791 867 873 922 sexta
886 862 917 922 in
932 863 1040 936 templo
1054 860 1186 922 Mauritii
1199 859 1237 920 D.
1246 860 1520 924 sonnino-Hennam
1532 877 1563 920 ex

409 987 473 1046 cap.
488 972 528 1043 xij
544 969 673 1044 epistola
687 968 726 1028 ad
739 968 885 1028 Remms
899 966 936 1027 de
950 967 995 1026 his
1010 967 1106 1026 verbis
1121 965 1218 1025 Pauli:
1232 967 1356 1028 Dilectio
1371 983 1428 1026 non
1441 968 1478 1026 sit
1490 968 1563 1026 simu·

408 1078 476 1150 iata,
491 1077 555 1134 sitis
569 1074 636 1135 odio
651 1078 857 1148 prosequentes
869 1071 946 1146 quod
958 1074 1064 1132 malum
1076 1078 1129 1145 est,
1144 1071 1324 1131 adherentes
1339 1074 1366 1132 ei
1381 1072 1456 1146 quod
1469 1073 1563 1148 murm

408 1189 466 1258 est,
489 1197 543 1257 per
562 1178 721 1240 fraternam
736 1179 886 1237 cometem
899 1178 939 1237 ad
952 1183 1051 1236 mutuo
1067 1191 1117 1237 vos
1133 1177 1292 1252 diligendos
1306 1181 1449 1253 propensi,
1467 1179 1563 1238 bonore

409 1289 484 1348 alius
498 1286 586 1346 adum
600 1283 796 1358 praecedentes
812 1289 865 1341 ete.
904 1282 1009 1356 Ajebat
1024 1281 1145 1342 Paulum
1165 1283 1212 1341 bic
1225 1282 1321 1368 dicere
1336 1283 1372 1344 de
1386 1284 1474 1344 tribus
1486 1284 1565 1342 maxi-

408 1394 462 1452 mis
476 1392 626 1467 operibns,
643 1404 783 1448 excusam
797 1393 925 1462 nosnos,
942 1387 1019 1462 quod
1032 1388 1089 1446 illis
1104 1387 1264 1448 adversarii
1277 1389 1447 1463 objicerent,
1463 1403 1492 1447 se
1504 1388 1565 1446 nihil

409 1499 532 1558 clamare
545 1501 653 1571 praeter
667 1492 748 1568 fides,
763 1491 846 1567 fides,
862 1492 944 1567 fides,
960 1494 1074 1552 interim
1082 1494 1191 1552 nullam
1204 1493 1241 1552 de
1256 1493 1392 1568 operibus
1406 1492 1486 1552 bonis
1499 1509 1566 1551 men·

407 1606 516 1664 tionem
530 1617 581 1662 eos
594 1600 698 1660 iacere.
722 1598 900 1672 Impossibile
914 1602 992 1658 enim
1007 1604 1062 1672 cst,
1079 1601 1181 1674 inquit,
1198 1613 1262 1658 enm
1277 1600 1328 1672 qui
1342 1599 1488 1658 sinceriter
1501 1613 1564 1670 prae

409 1708 485 1767 dicat
498 1707 699 1781 Evangelium,
715 1721 774 1764 non
788 1705 875 1762 etiam
889 1704 966 1764 bona
980 1721 1069 1778 opera
1084 1703 1199 1778 dooere,
1216 1704 1267 1764 sed
1281 1720 1316 1764 ea
1331 1721 1398 1778 quse
1411 1703 1488 1763 Deus
1503 1719 1566 1777 pra

408 1813 527 1887 ceperit.
549 1812 623 1871 item
637 1812 759 1884 primum
774 1816 806 1869 et
818 1822 957 1867 summum
971 1824 1043 1883 opus
1058 1826 1121 1869 esse
1133 1807 1229 1884 fidem,
1245 1825 1310 1883 qua
1326 1809 1433 1869 Christi
1447 1809 1565 1868 meritum

409 1916 599 1993 apprehendit
611 1931 685 1990 aque
699 1914 763 1974 Deo
777 1907 880 1974 cuncta
894 1915 970 1977 bona
986 1921 1130 1990 expectat,
1156 1915 1298 1975 adducens
1319 1933 1380 1976 uon
1395 1931 1481 1976 unum
1494 1914 1566 1986 buius

408 2025 453 2082 rei
473 2022 641 2096 exemplum.
680 2018 793 2081 Deinde
814 2021 970 2080 secundum
992 2037 1063 2096 opus
1085 2037 1148 2080 esse
1162 2024 1326 2098 canutam,
1351 2019 1499 2098 proferens
1510 2035 1566 2092 pus·

408 2129 462 2187 sim
483 2143 500 2187 e
521 2128 663 2199 scriptura
689 2126 768 2187 locos
793 2125 829 2185 de
850 2126 987 2200 caritate,
1011 2127 1102 2187 multa
1120 2127 1264 2187 disserens
1288 2128 1324 2187 de
1344 2126 1442 2188 fucata
1464 2131 1492 2184 et
1510 2122 1567 2183 ficta

408 2233 589 2292 simulatione
618 2233 754 2291 caritatis.
799 2232 872 2291 item
894 2232 1068 2306 impossibile
1091 2247 1167 2306 esse,
1196 2249 1261 2293 eum
1280 2235 1330 2306 qui
1355 2232 1414 2292 fide
1434 2232 1568 2292 emtotem

408 2355 478 2414 erga
490 2338 584 2397 Deum
598 2339 774 2412 conceperit,
798 2353 856 2396 non
871 2337 987 2397 salvari.
1025 2337 1179 2398 Adducens
1194 2337 1354 2411 exemplum
1371 2353 1456 2413 quam
1469 2341 1568 2411 gratnm

408 2444 517 2504 sitDeo
532 2443 593 2517 ejns
607 2443 696 2503 verbo
711 2449 740 2504 et
754 2443 945 2504 obedientiam
961 2449 1100 2517 prestare
1115 2448 1145 2502 et
1158 2443 1293 2517 idipsum
1309 2443 1436 2504 credere.
1461 2442 1490 2502 si
1503 2440 1568 2514 quis·

400 2550 496 2624 -piam,
511 2549 612 2622 inquit,
628 2563 647 2605 a
661 2562 730 2622 rege
745 2547 798 2607 sibi
814 2547 870 2605 dici
888 2547 1040 2622 audiverit,
1064 2550 1109 2607 Tu
1123 2550 1193 2608 mihi
1207 2547 1298 2624 fidite,
1315 2565 1389 2608 meuc
1404 2565 1478 2608 curae
1491 2551 1517 2606 te
1530 2559 1568 2604 re·

408 2653 548 2729 linquite,
572 2652 642 2712 mibi
666 2654 741 2712 enim
763 2652 977 2714 commendatus
1001 2654 1075 2728 eris,
1100 2657 1265 2730 majoraque
1289 2654 1343 2715 tibi
1369 2655 1486 2716 daumus
1506 2669 1567 2725 sum,

409 2776 496 2834 qnam
509 2775 528 2818 a
541 2775 587 2818 me
603 2765 739 2833 expetere
754 2775 841 2818 ausus
854 2757 967 2832 fuisses,
991 2773 1086 2818 nonne
1102 2759 1127 2818 si
1142 2760 1166 2818 is
1180 2760 1348 2834 imperatori
1369 2759 1453 2820 fidem
1466 2759 1566 2830 babeat,

410 2865 452 2924 ilii
465 2865 643 2939 gratissimus
658 2861 732 2923 erit?
762 2861 846 2923 Licet
859 2881 912 2924 rex
927 2864 972 2923 vel
987 2865 1143 2938 imperator
1158 2880 1222 2938 quae
1237 2867 1381 2939 pollicitus
1396 2871 1441 2925 est
1453 2881 1508 2925 non
1520 2868 1569 2922 sta·

409 2970 539 3045 timipsa
556 2974 684 3044 prestat.
722 2969 826 3029 Nonne
845 2970 891 3041 hic
910 2967 987 3027 bona
1006 2985 1057 3042 spe
1074 2969 1157 3029 laetus
1178 2971 1273 3030 omnia
1293 2988 1359 3044 quas
1376 2970 1482 3031 Oeesari
1499 2965 1569 3028 cordi
1621 3009 1624 3015 -

410 3091 474 3134 esee
489 3066 567 3151 (scit)
578 3071 590 3109 ¹
603 3073 692 3134 faciti
717 3079 749 3134 at
762 3071 837 3134 forte
850 3091 988 3134 caesarem
999 3080 1090 3133 morte
1100 3077 1253 3147 praeveniri
1267 3078 1391 3152 eveniat,
1408 3092 1464 3151 quo
1477 3075 1568 3144 minus,

410 3196 474 3253 quae
488 3180 668 3256 promiserat,
684 3182 802 3255 exsequi
815 3186 921 3255 posset.
946 3180 1000 3239 Est
1013 3180 1089 3239 enirn
1102 3179 1193 3240 omnis
1209 3182 1293 3240 homo
1308 3181 1442 3242 mendax.
1466 3182 1567 3256 Quanto

410 3285 500 3360 magis
515 3284 594 3345 Deos
608 3285 808 3346 redamaturus
823 3292 877 3359 est,
901 3301 919 3344 a
935 3301 990 3359 quo
1006 3287 1101 3346 omnia
1116 3287 1333 3360 exspectamus?
1371 3290 1400 3347 Is
1416 3288 1488 3346 enim
1501 3285 1568 3345 solus

413 3396 458 3450 est
472 3407 570 3464 verax,
586 3395 616 3450 et
630 3407 807 3465 quacunque
820 3391 954 3451 voluitet
968 3398 1108 3466 praestare
1124 3397 1153 3452 et
1166 3391 1381 3477 facerepotest.
1419 3394 1490 3453 Item
1503 3389 1569 3464 quod
1644 3435 1645 3486 ,

409 3497 435 3556 is
451 3496 545 3564 cultus
560 3495 628 3570 Dei,
653 3511 737 3568 quem
757 3497 878 3570 papistae
893 3498 924 3555 in
938 3497 1000 3556 solo
1014 3499 1120 3572 templo
1140 3499 1193 3560 sub
1214 3495 1318 3558 divinis
1338 3498 1384 3576 (ut
1398 3499 1453 3574 ipsi
1466 3492 1567 3568 vocant)

409 3602 582 3676 probitatem
605 3601 749 3674 quandam
772 3618 832 3676 pree
855 3618 886 3661 se
906 3600 1025 3662 ferendo
1047 3609 1198 3677 praestant,
1227 3603 1290 3663 Deo
1314 3603 1508 3664 abominabilis
1528 3601 1566 3659 sit.
1644 3633 1645 3658 2

409 3708 516 3767 Verum
540 3704 733 3766 cossanum
755 3709 785 3767 in
807 3708 884 3767 omni
906 3706 967 3765 loeo
991 3707 1190 3770 dominationis
1212 3708 1319 3770 domini
1337 3707 1443 3770 debere
1464 3724 1493 3767 so
1512 3706 1566 3764 Deo

409 3810 602 3885 obedientem,
625 3811 682 3872 fide
697 3828 771 3886 pura
785 3818 816 3872 et
829 3813 889 3871 vita
904 3813 977 3872 bene
993 3813 1125 3874 instituta
1144 3814 1278 3874 exhibere
1294 3820 1346 3874 etc.
1386 3815 1430 3876 Ob
1443 3812 1565 3888 temporis

410 3920 505 3975 autem
520 3916 671 3990 penuriam
691 3917 728 3977 de
747 3919 835 3978 tertio
850 3935 937 3992 opere
955 3918 1104 3979 absolvere
1124 3935 1181 3978 non
1202 3921 1309 3994 potuit,
1333 3921 1487 3996 suscipiens
1499 3916 1527 3976 id
1540 3930 1565 3974 se

410 4021 540 4095 proxima
555 4022 689 4080 concione
704 4021 853 4083 iacturum.
891 4025 927 4083 In
943 4024 1186 4085 obsecrationibus
1204 4041 1257 4099 pro
1272 4025 1393 4101 captivis
1408 4023 1529 4084 omnibus
1541 4025 1565 4078 et

409 4142 463 4200 pro
477 4125 521 4199 iis,
538 4126 662 4198 quisine
677 4126 754 4201 apud
769 4129 892 4202 Turcas,
906 4131 967 4188 sire
982 4128 1049 4189 olibi
1069 4130 1195 4190 locorum
1212 4125 1248 4190 ob
1263 4131 1392 4192 veritatis
1407 4129 1565 4205 agnitionem

408 4236 660 4306 persequerentur,
677 4248 761 4292 orare
771 4234 866 4306 jussit.
891 4235 946 4307 Qui
960 4240 1056 4310 potest
1070 4251 1189 4311 capere,
1204 4238 1309 4311 capiat.

496 4336 524 4394 A
538 4338 673 4397 concione
688 4336 770 4397 nobis
784 4337 860 4400 forte
875 4338 993 4398 fortuna
1013 4337 1126 4399 obviam
1146 4337 1180 4400 fit
1193 4340 1324 4400 Matthiee
1339 4341 1376 4400 ab
1390 4335 1564 4400 Aidenbciren

408 4438 499 4515 filius,
519 4440 632 4502 baliuus
653 4442 835 4504 Steinfordiee
856 4450 886 4504 et
900 4444 1003 4520 Lada,
1027 4445 1134 4506 ordinis
1154 4443 1191 4502 D.
1211 4445 1332 4504 Joennis
1352 4444 1500 4518 Baptista,
1521 4437 1563 4512 qui

408 4543 471 4604 beri
485 4546 607 4619 primum
622 4565 640 4606 a
654 4547 832 4622 profectione
848 4565 883 4609 ex
898 4550 991 4626 insuia
1005 4551 1097 4610 Malta
1112 4565 1143 4608 se
1158 4565 1305 4608 reversum
1317 4548 1509 4623 etAngustam
1520 4559 1561 4604 re

986 4687 1001 4719 *

485 4768 495 4815 1
516 4731 610 4818 bisses
629 4776 693 4820 nort
709 4769 775 4821 fehlt
793 4772 829 4822 im
848 4785 924 4826 mser.
