3700 5692
945 735 989 805 14

467 921 579 984 Eadem
591 919 739 981 Adrianus
757 918 913 982 sZertren
933 922 963 980 et
976 933 1072 981 eornm
1090 917 1251 998 aNassau,
1275 935 1347 997 quos
1365 919 1537 999 sperabamus

379 1025 526 1089 nonnoum
544 1028 584 1089 ad
601 1026 713 1088 consilii
730 1024 824 1088 looum
841 1022 947 1087 adium
963 1040 1063 1102 posse,
1083 1025 1123 1089 ad
1141 1025 1229 1091 horas
1247 1027 1358 1105 aliquot
1377 1028 1408 1092 in
1425 1027 1537 1104 hospitio

379 1149 438 1194 nou
453 1133 651 1210 suntreperti.
1424 1213 1425 1218 ἵ

466 1239 552 1300 Nota.
591 1237 728 1299 Comitem
747 1236 784 1298 de
797 1236 912 1298 Nasson
931 1252 986 1312 per
1004 1235 1192 1299 Melchiorem
1205 1236 1319 1301 Iindem
1337 1237 1420 1302 nobis
1439 1238 1537 1322 suun·

377 1360 468 1420 casse,
482 1344 538 1406 hoc
553 1344 601 1406 oie
614 1345 698 1406 nobis
710 1342 909 1405 coloniensem
920 1343 992 1404 nihil
1008 1343 1188 1406 obstiturum.
1209 1343 1266 1407 nst
1277 1352 1345 1422 post
1356 1347 1540 1424 sosquihoram

378 1452 458 1526 quod
470 1452 662 1528 subsorsptum
675 1457 734 1527 est,
749 1466 919 1527 moeream
932 1453 1102 1528 asserimus.

465 1557 547 1618 Misit
563 1573 658 1618 nomes
676 1557 824 1617 sNassau
838 1558 1006 1633 magistrum
1019 1557 1204 1621 wilhelmum
1223 1557 1268 1618 illi
1280 1574 1300 1619 a
1314 1560 1431 1622 seeretis
1444 1561 1482 1622 ad
1493 1560 1538 1621 ho

377 1664 494 1739 spitium
508 1668 652 1737 nostrum,
667 1668 700 1722 ut
713 1678 765 1722 suo
779 1663 895 1723 nomino
910 1663 993 1726 uobis
1008 1663 1159 1740 indiosrot,
1176 1663 1376 1728 Coloniensem
1389 1666 1495 1728 mione
1507 1665 1541 1728 nd

376 1769 471 1842 ipsum
484 1768 615 1828 comitem
628 1769 660 1827 im
674 1766 750 1828 sedes
764 1768 894 1842 magistri
907 1769 1045 1828 teutonici
1060 1769 1254 1830 consiliarium
1269 1771 1426 1847 quemdam,
1445 1773 1493 1845 qni
1501 1771 1541 1830 illi

376 1873 432 1932 hoo
445 1888 613 1949 responsum
632 1889 686 1934 nos
705 1888 881 1934 oonooruens
895 1873 1049 1936 attulisset.
1089 1874 1230 1950 Quoniam
1243 1875 1331 1937 hodie
1349 1877 1484 1938 terminos
1498 1877 1540 1952 sit,

378 1975 577 2051 coloniensem
588 1977 754 2040 mudetum
769 1978 884 2054 qnidam
898 1979 1119 2058 producturum,
1141 1982 1194 2044 sed
1208 1998 1260 2059 spe
1274 1983 1369 2044 solum
1382 1981 1539 2056 oonoordio,

376 2083 432 2145 hoo
445 2091 499 2160 est,
518 2085 543 2144 si
557 2100 604 2145 res
618 2101 673 2160 por
686 2087 819 2147 amicitia
833 2087 910 2148 uiam
923 2087 1000 2148 inter
1014 2103 1066 2148 nos
1081 2089 1128 2166 agi
1143 2105 1202 2152 uon
1217 2095 1335 2166 queam,
1348 2090 1409 2165 juri
1422 2105 1472 2151 sne
1485 2075 1539 2150 oes-

376 2191 449 2252 sisse
462 2206 522 2252 non
534 2190 675 2268 videatur,
690 2194 736 2251 sin
750 2193 883 2268 oompont
896 2199 1012 2269 queant,
1027 2209 1059 2254 se
1073 2197 1272 2258 meeumonem
1282 2195 1413 2260 msudmi
1425 2211 1482 2258 non
1494 2210 1539 2272 pe·

375 2297 504 2358 titnrum.
528 2295 552 2357 0
566 2296 746 2371 vulpeculam
760 2300 869 2360 uertioe
883 2295 1026 2374 glabram!

464 2403 505 2462 Et
516 2400 579 2462 haeo
593 2417 709 2477 quoque
723 2400 901 2465 Coloniam
916 2405 1060 2467 sententia
1077 2411 1190 2468 munta
1204 2410 1261 2484 est,
1281 2406 1422 2470 terminus
1437 2403 1540 2484 quoqm

375 2510 407 2568 im
420 2510 577 2570 umorum
592 2513 764 2584 protractus.

199 2672 200 2679 ,
464 2613 502 2673 D.
511 2613 648 2674 Nioolans
657 2614 752 2676 Maior
766 2615 900 2690 syndicus
915 2621 1084 2692 augusmua
1095 2617 1177 2680 urnis
1187 2616 1436 2680 commendatius
1449 2617 1541 2678 literas

198 2732 200 2797 j
237 2764 241 2768 -
374 2719 457 2780 nobis
471 2720 638 2796 transmisit,
654 2737 726 2794 qaas
741 2736 795 2797 pro
810 2728 897 2783 cansa
910 2727 1013 2784 uestra
1027 2721 1063 2784 ad
1082 2722 1231 2784 doctorem
1238 2722 1382 2802 Josuuem
1391 2721 1541 2798 Mmqunm

199 2806 200 2849 ³
374 2826 538 2902 scripserat
554 2823 678 2886 offerens
697 2828 869 2890 seormtino
884 2827 1248 2904 adhoramquintamnos
1261 2834 1477 2898 conventorum.

464 2930 641 2992 Coloniensis
659 2930 697 3010 (si
710 2930 849 3010 ereditur)
863 2935 989 2996 orastim
1005 2939 1087 2997 sexta
1101 2936 1183 2998 nobis
1198 2935 1273 2998 bons
1287 2937 1480 3000 oonsulturus.

464 3037 566 3110 sesqui
584 3037 711 3112 quinque
731 3043 853 3099 sentens
871 3039 963 3100 millia
984 3046 1046 3102 τῶν
1064 3046 1221 3128 ammaon
1239 3041 1357 3104 Basaro
1377 3049 1408 3106 et
1429 3038 1541 3106 antistiti

374 3142 584 3218 quinquaginta
596 3144 655 3204 tria
667 3143 759 3204 millia
771 3144 889 3204 mumnm
902 3142 1065 3220 Augustani
1078 3146 1250 3222 perunum
1319 3157 1321 3160 ·
1342 3209 1344 3212 ,
1490 3205 1491 3210 ,

462 3250 573 3311 Eadem
586 3248 708 3311 alberte
728 3249 887 3312 marchioni
904 3251 1004 3312 literas
1024 3252 1132 3314 domim
1151 3251 1188 3315 de
1202 3253 1378 3331 flemenerg
1392 3269 1446 3331 per
1458 3253 1539 3315 toan·

374 3371 441 3416 nem
458 3355 657 3432 Mflehltngum
677 3356 814 3418 mimus.
844 3355 890 3418 Ἰ).
904 3357 1017 3433 Viglius
1037 3357 1198 3421 Zuiohsmus
1217 3359 1305 3422 etiarm
1326 3356 1415 3422 susm
1431 3345 1540 3438 oneum

364 3461 458 3524 ‘nobis
471 3464 613 3538 promisit.
773 3465 777 3468 ’
1261 3455 1263 3460 ’

462 3567 604 3630 Emesam
614 3570 802 3646 Bruuswigise
816 3570 884 3646 dux,
899 3585 965 3632 oum
979 3587 1054 3648 eque
1068 3570 1177 3649 gradus
1190 3571 1385 3636 oonsoenstsre
1399 3573 1538 3644 mumssot,

374 3687 459 3737 orure
472 3675 560 3736 lasus
573 3677 621 3738 hic
635 3676 789 3739 decumbit

461 3781 574 3858 iudica,
590 3783 714 3859 domine,
730 3799 845 3844 oausam
859 3799 952 3844 meam
964 3789 994 3843 et
1008 3782 1047 3845 da
1060 3783 1131 3844 nihi
1144 3783 1176 3844 in
1188 3788 1312 3846 mentem
1326 3789 1359 3846 et
1371 3801 1406 3846 os
1419 3782 1487 3860 quio
1499 3780 1537 3842 lo·

374 3900 448 3960 quar
460 3900 558 3946 eoram
572 3887 736 3962 mgann‘bus
749 3893 781 3950 et
792 3888 860 3950 tiliis
873 3889 1035 3951 hominnm!
1072 3890 1119 3952 Ne
1133 3889 1184 3952 tes
1198 3891 1230 3950 iu
1249 3891 1438 3968 uomentium
1457 3883 1537 3951 enni

372 3994 467 4052 temtes
480 4007 585 4053 nomen
594 3995 688 4054 tuumt
710 3993 922 4070 DomineJesu,
938 3995 988 4069 qui
1001 3996 1041 4056 ad
1051 4000 1163 4070 patrum
1175 3994 1275 4056 abiens
1289 4001 1388 4058 semota
1403 3995 1538 4073 ponimns

373 4111 419 4170 es,
439 4100 470 4157 te
487 4101 554 4158 tuos
572 4115 631 4159 nom
649 4100 817 4166 relicturum
835 4084 995 4176 orphanos,
1020 4101 1095 4163 habe
1116 4117 1214 4162 auram
1234 4101 1400 4165 reimerum
1421 4100 1538 4164 domist

372 4203 443 4279 mei,
461 4209 582 4280 proptor
595 4209 675 4266 tuam
687 4205 778 4280 ipsius
792 4205 958 4267 bonitatem.

460 4310 488 4371 E
501 4313 619 4388 regium
633 4313 773 4389 Augustas
786 4317 867 4375 trans
882 4313 992 4388 Lycum
1006 4312 1108 4375 uisitur
1122 4313 1267 4390 Friourga
1281 4313 1314 4374 in
1327 4313 1462 4376 stnfis.

445 4454 449 4460 -
460 4420 520 4493 xvij
533 4419 652 4496 Aprilis.
675 4421 746 4482 Post
760 4422 889 4495 quintam
902 4419 941 4481 ad
955 4419 1255 4496 hospitiumnosmum
1267 4420 1431 4483 teeutmsss
1439 4417 1535 4490 Maian

372 4520 441 4584 olim
454 4526 687 4586 monasteriensis
708 4526 909 4601 eaueellmius,
934 4526 984 4601 qui
997 4523 1091 4602 pridie
1108 4529 1208 4590 semme
1225 4542 1284 4590 nom
1303 4529 1432 4603 morat,
1455 4521 1535 4584 seuit

371 4626 419 4687 Ne
438 4633 534 4688 summ
552 4645 642 4704 opera
661 4647 714 4692 sua
732 4632 816 4693 nobis
836 4630 938 4693 deesse
959 4631 1121 4708 moeson,
1151 4634 1322 4708 perlitasse
1340 4649 1395 4694 nos
1413 4627 1491 4708 apud
1509 4624 1534 4686 d.

372 4731 582 4806 mmqmroum
596 4736 811 4798 conmendavit.
849 4737 878 4797 Is
893 4737 982 4811 igitur
996 4737 1123 4814 singula,
1134 4756 1207 4814 quse
1222 4741 1260 4802 sd
1274 4755 1389 4802 oausam
1402 4735 1534 4806 fenerent,

371 4839 513 4900 anessa
527 4820 658 4918 amens,
675 4839 799 4908 summ
812 4842 1058 4906 ammissum
1071 4843 1331 4926 mansurarum
1344 4848 1398 4910 sss
1434 4843 1534 4924 veum
