3700 5692
966 750 1031 819 194

408 934 458 1006 qni
478 932 616 993 adversus
636 949 690 993 nos
710 934 820 1007 aliquid
839 934 1020 1010 praetendere
1039 934 1141 1010 velint,
1166 950 1220 997 noa
1239 938 1305 1012 iura
1327 940 1498 1001 conveniant
1517 944 1564 999 etc.

409 1041 482 1098 Item
498 1040 575 1113 qnod
590 1040 753 1112 specialiter
767 1041 797 1098 in
811 1041 916 1100 httaria
932 1045 1101 1115 poneretur,
1119 1047 1149 1101 et
1162 1058 1208 1103 me
1224 1048 1254 1103 et
1267 1044 1394 1105 subditos
1408 1046 1439 1103 in
1454 1046 1564 1119 gratian

407 1152 549 1220 receptos,
566 1160 629 1204 eam
645 1146 766 1220 obrem,
784 1144 861 1219 quod
877 1146 988 1221 aliquot
1002 1148 1109 1206 ricinos
1124 1146 1193 1207 mihi
1205 1146 1367 1211 infestiores
1375 1150 1510 1211 haberem
1518 1156 1564 1211 etc.

404 1252 446 1314 Hi
462 1253 519 1312 duo
529 1251 661 1311 doctores
675 1258 848 1325 receperunt
861 1269 894 1311 se
909 1253 1029 1312 concilio
1043 1253 1185 1327 imperiali
1198 1256 1365 1328 petitionem
1383 1262 1510 1317 nostram
1527 1272 1566 1315 re·

409 1357 519 1417 laturos
535 1365 565 1416 et
579 1373 646 1416 suas
661 1373 764 1431 operae
779 1359 816 1418 ad
831 1359 886 1418 hoc
900 1359 983 1418 nohis
999 1358 1138 1419 obtulere.
1169 1361 1264 1435 Vigho
1280 1366 1377 1421 autem
1391 1380 1451 1422 non
1470 1364 1565 1423 incom-

408 1464 524 1523 modum
538 1465 631 1523 risum
646 1469 705 1538 est,
729 1470 763 1524 ut
777 1481 831 1539 per
845 1464 1009 1524 schedulam
1023 1464 1099 1524 idem
1121 1470 1248 1540 peterem
1270 1482 1389 1541 eamque
1409 1468 1566 1528 consiliariis

408 1572 641 1629 transmitterem.
672 1572 748 1629 Nam
763 1587 794 1630 se
809 1576 890 1630 recta
905 1570 942 1629 ad
956 1571 1050 1629 locum
1065 1571 1177 1630 concilii
1191 1572 1319 1633 tendere.
1351 1574 1470 1634 Liborio
1488 1574 1567 1648 igitur

408 1682 441 1735 ut
454 1678 557 1735 mentis
572 1682 679 1736 nostrae
694 1681 861 1749 conceptum
874 1694 986 1751 papyro
1002 1672 1192 1737 committeret
1206 1679 1364 1753 injunctum
1379 1684 1432 1740 est.

498 1782 622 1854 Querela
636 1782 915 1841 Paderhornensium
929 1782 1018 1841 Floro
1035 1782 1103 1842 data
1117 1786 1175 1856 est,
1198 1788 1281 1844 ntea
1301 1786 1431 1859 perlecta
1451 1798 1486 1844 ex
1503 1788 1565 1843 tem-

409 1905 479 1962 pore
494 1889 708 1962 responsionem
723 1888 925 1950 conscriberet.
958 1890 1075 1949 Revixit
1088 1888 1150 1949 iere
1166 1890 1288 1963 Sathan3
1304 1891 1357 1951 sed
1372 1894 1512 1966 superest,
1526 1888 1567 1963 qui

408 2000 496 2069 caput
510 1996 644 2055 contrivit
658 1996 812 2069 serpentis.

500 2102 642 2161 hornum
658 2106 700 2161 est
717 2101 817 2160 eadem
832 2100 910 2174 apud
923 2100 1056 2160 comitam
1070 2100 1255 2161 Wilhelmum
1270 2118 1288 2163 a
1302 2102 1434 2178 Nassau,
1455 2102 1505 2163 uhi
1517 2101 1567 2160 La·

408 2192 516 2268 dislaus
531 2208 568 2268 ab
582 2208 700 2283 Hagen,
722 2208 851 2267 ioannes
866 2224 884 2267 a
899 2206 990 2281 Seyn,
1011 2206 1182 2267 wilhelmus
1197 2224 1215 2267 a
1230 2208 1438 2283 Witgenstein,
1460 2208 1567 2267 Otthoa

409 2313 619 2388 Schaumhurg,
643 2312 786 2374 Henricus
807 2313 1025 2387 aLynningen‚
1049 2312 1199 2389 Philippus
1214 2320 1243 2374 et
1257 2314 1392 2387 Eubulus
1408 2330 1426 2373 a
1440 2310 1568 2374 Waldeck

408 2421 525 2480 comites
546 2421 677 2479 aderant.
715 2417 817 2479 admit
839 2434 953 2492 qnoque
975 2418 1171 2479 Marschelous
1196 2417 1392 2495 Schdnmherg
1414 2423 1443 2479 et
1463 2416 1567 2493 qnidam

408 2527 465 2585 dux
485 2528 642 2587 caesareani
661 2527 812 2586 exercitus.
844 2526 927 2584 Vitus
948 2540 965 2581 a
985 2522 1114 2598 Velbrug
1133 2526 1299 2600 supervenit
1319 2531 1348 2585 et
1371 2523 1567 2585 chunradusr

408 2630 580 2706 Bomelberg
595 2649 692 2706 eques.
727 2631 927 2691 Marschalcus
944 2628 1150 2705 gloriabundus
1166 2633 1220 2691 ait:
1244 2632 1320 2691 Novi
1340 2630 1454 2706 aliquid
1472 2648 1506 2691 ex
1522 2644 1565 2703 pa·

407 2738 478 2797 latio
499 2737 743 2798 caeseriaadiero.
778 2736 1028 2811 Norinbergenses
1050 2737 1166 2796 interim
1185 2736 1259 2796 illud
1280 2742 1482 2812 acceptarunt,
1504 2738 1567 2795 deut

407 2843 551 2903 Hulenaea
566 2844 679 2903 Sueviae
694 2843 769 2902 idem
785 2858 899 2918 quoque
913 2840 1095 2916 factitarunt,
1120 2844 1208 2903 semel
1223 2844 1331 2903 anthia
1346 2858 1507 2903 sermonem
1520 2842 1565 2899 ite·

408 2966 485 3009 rans,
518 2950 647 3010 Tandem
662 2966 757 3009 comes
772 2948 943 3009 Wilhelmua
958 2965 975 3009 a
990 2949 1105 3008 Nasson
1120 2950 1201 3009 vultu
1218 2950 1385 3009 mesticiam
1401 2950 1488 3010 animi
1500 2960 1564 3022 prae

408 3057 563 3115 nunciante
576 3056 737 3129 respondit:
760 3053 904 3129 Profecto,
920 3057 946 3143 si
960 3059 1142 3131 receperunt,
1158 3057 1228 3129 qnid
1242 3062 1418 3131 receperunt
1431 3050 1565 3131 ignorant!

408 3162 500 3221 Panlo
514 3162 624 3235 largius
638 3160 686 3220 hic
698 3166 830 3235 potatum
845 3168 897 3221 eat.
1160 3228 1164 3232 ,

496 3267 574 3327 Nota
590 3268 626 3327 de
639 3267 744 3343 herba,
768 3283 833 3341 quae
847 3268 987 3341 anagallis
1008 3268 1127 3342 dicitur,
1152 3270 1314 3343 germanice
1337 3264 1495 3328 Gauchheil
1513 3263 1564 3321 siaa

407 3372 551 3447 Jaucheil,
576 3391 640 3447 quae
655 3376 686 3434 in
700 3376 755 3435 hoc
768 3390 866 3433 menae
880 3373 968 3433 Junio
984 3372 1068 3433 evelli
1084 3373 1169 3433 debet
1183 3390 1218 3433 ac
1232 3374 1298 3434 vino
1314 3374 1436 3435 decocta
1456 3377 1484 3431 et
1504 3382 1562 3443 epa·

406 3483 468 3537 tata
483 3484 583 3539 contra
596 3497 708 3541 mamm
723 3480 801 3540 canis
815 3477 908 3538 rabidi
923 3478 1050 3539 remedio
1072 3486 1130 3555 ast,
1155 3478 1232 3557 quod
1251 3479 1392 3554 Augustae
1413 3492 1503 3552 nuper
1519 3486 1563 3549 par

407 3585 538 3643 comitem
544 3586 730 3647 Wilhelmnm
744 3589 774 3645 in
789 3587 891 3659 auriga
906 3585 987 3645 ducis
995 3585 1126 3645 Mauritii
1140 3586 1292 3659 probatum
1307 3592 1360 3647 est'.
1385 3584 1495 3646 Eodem
1507 3580 1563 3639 aino

407 3690 494 3765 plaga
507 3707 619 3755 morsus
634 3695 712 3753 canis
727 3693 814 3753 dehet
826 3693 936 3751 illiniri.
1493 3670 1497 3679 ⁵

496 3796 572 3855 Dum
593 3805 726 3859 coenatnr
744 3794 886 3858 Erasmus
904 3817 923 3858 a
944 3796 1086 3859 Rumrodt
1109 3798 1198 3857 ahena
1220 3797 1341 3857 loannis
1362 3794 1463 3856 fratria
1484 3790 1562 3854 nostri

407 3905 485 3962 uenit
499 3906 647 3980 nuncians,
664 3905 807 3965 dominam
821 3919 974 3964 novercam
988 3904 1206 3978 inviciniaesac,
1218 3909 1249 3963 nt
1258 3903 1419 3978 Augustam
1433 3898 1527 3959 tendat
1539 3898 1563 3953 ct

405 4008 436 4065 in
458 4008 567 4068 Werda
587 4010 626 4069 ad
644 4011 807 4074 Danubium
826 4016 1068 4083 pomocaaturam.
1104 4008 1160 4068 Hic
1179 4010 1309 4069 Eubulus
1328 4010 1454 4083 ringitur
1473 4003 1562 4063 dubius

407 4114 476 4187 quid
491 4111 587 4189 iaciat,
603 4133 636 4176 ac
651 4134 716 4176 cnm
730 4117 849 4176 Liborio
865 4116 1014 4175 consilium
1029 4116 1118 4191 cepit,
1135 4120 1215 4175 ratus
1232 4112 1346 4188 quidem
1361 4112 1516 4173 consultum
1528 4106 1562 4163 vi·

406 4218 481 4292 deri,
504 4221 529 4279 si
551 4222 613 4295 ejus
633 4223 775 4282 adventus
789 4237 847 4280 non
863 4226 1066 4296 expectaretur
1080 4219 1185 4279 multas
1201 4220 1238 4279 ah
1253 4235 1363 4281 causas.
1395 4220 1500 4287 Verum
1513 4228 1561 4273 non

404 4341 495 4401 parva
507 4326 670 4387 obstabant.
694 4326 872 4388 conventum
887 4328 992 4401 itaque,
1009 4332 1041 4385 ut
1055 4329 1085 4386 in
1100 4328 1257 4387 crastinum
1272 4326 1446 4385 consultatio
1460 4326 1560 4397 protra-

404 4428 532 4489 heretur.
556 4431 747 4506 Posteaquam
759 4440 855 4492 autem
869 4432 1000 4492 Eunulm
1015 4446 1113 4491 somno
1128 4430 1305 4504 indulsisset,
1320 4430 1500 4490 illucescente
1508 4426 1560 4498 jam

404 4534 451 4593 dic
472 4536 587 4611 circiter
607 4539 722 4598 tertiam
742 4539 825 4613 parri
847 4538 989 4613 horologii
1007 4554 1129 4612 puerum
1149 4553 1203 4611 pro
1226 4536 1345 4597 Lihcrio
1367 4536 1462 4595 mittit.
1497 4528 1561 4589 Erat

403 4645 499 4700 autem
513 4641 560 4700 hio
574 4642 635 4702 dies
650 4643 849 4717 praecidanens
863 4642 1002 4729 farianum
1017 4642 1045 4703 d.
1062 4643 1183 4702 Jcannis
1198 4640 1332 4715 baptistae
1352 4642 1398 4715 vel
1419 4640 1458 4699 2³
1480 4631 1558 4697 iunii·

281 4764 284 4770 ¹
405 4744 530 4820 Singulis
552 4748 640 4821 igitur
659 4749 751 4819 probe
772 4751 921 4822 perpensis
942 4751 1033 4809 risum
1054 4754 1099 4808 eat
1120 4748 1228 4809 abitum
1247 4764 1361 4822 parare.
1392 4742 1560 4820 Quapropter

404 4853 435 4907 at
449 4848 583 4910 liberius
595 4853 693 4923 jussus
709 4852 745 4912 de
759 4853 827 4926 biga
840 4853 871 4912 in
885 4868 968 4914 usum
984 4854 1161 4918 aminarum
1174 4860 1208 4915 ut
1227 4854 1368 4931 mgitarea
1387 4858 1441 4914 etc.
1470 4846 1558 4909 Eubu-
