3700 5692
651 1529 742 1600 dell
764 1530 908 1601 totale
931 1531 977 1602 ΑΝ
999 1530 1114 1603 Belli.

317 1764 321 1770 ι
383 1704 424 1794 In
437 1736 557 1809 antiquo
572 1733 683 1796 dierum
705 1738 735 1797 in
751 1736 866 1799 christo
886 1740 1008 1800 salutet
1028 1745 1057 1800 et
1075 1741 1268 1815 impletionem
1288 1746 1322 1801 ιι
1336 1746 1365 1803 et
1380 1744 1405 1803 si
1419 1758 1463 1803 se·

292 1841 410 1900 nnemut
421 1847 519 1901 nmen
533 1842 656 1917 plantati
669 1845 702 1901 in
714 1842 800 1905 domo
815 1845 922 1905 domini
937 1847 1047 1920 segites
1061 1852 1259 1920 permaneant.

381 1946 671 2023 JuxtaeJ'nsquemnt
679 1951 793 2010 nomine
804 1950 845 2011 sic
855 1968 909 2013 nee
919 1967 977 2011 nou
985 1958 1015 2011 et
1023 1968 1056 2011 re
1068 1950 1160 2011 refers
1169 1958 1200 2012 te
1212 1953 1354 2026 alloquor,
1367 1953 1464 2013 senior

292 2053 383 2112 eleete
398 2052 511 2114 domiue
533 2060 563 2115 et
586 2056 781 2116 amaunmime
795 2056 913 2133 Brenti,
938 2056 1066 2131 quamvis
1088 2057 1215 2117 ecelesiae
1237 2058 1322 2121 rebus
1338 2072 1390 2117 nee
1405 2073 1463 2117 non

290 2158 414 2233 publieis
437 2175 472 2219 ao
491 2160 653 2222 domesticis
675 2163 704 2222 d.
724 2165 746 2221 t.
762 2162 896 2223 obrutum
918 2164 1006 2223 seiam
1025 2167 1122 2223 tumen
1145 2160 1268 2223 confisus
1283 2161 1319 2222 de
1332 2160 1462 2223 nostra¹

290 2264 458 2327 Ratisbonas
476 2266 549 2325 inita
569 2272 598 2327 et
612 2267 787 2341 Stutgurdiae
811 2274 952 2329 renovata
965 2269 1070 2329 amoris
1092 2284 1161 2343 ergo
1176 2268 1245 2327 mibi
1259 2268 1389 2328 inhibere
1404 2284 1462 2328 nou

290 2372 373 2445 potui
387 2371 433 2434 bis
447 2373 548 2446 paneis
563 2371 592 2432 d.
607 2375 629 2430 t.
644 2372 837 2446 interpellare.
875 2374 916 2433 Et
930 2375 1053 2450 primum
1075 2376 1158 2448 quasi
1173 2376 1238 2448 post
1252 2389 1381 2433 somnum
1397 2372 1461 2433 dul·

289 2476 433 2537 eissimam
448 2479 573 2551 quietem
586 2494 684 2538 rerum
693 2477 729 2555 (si
744 2480 889 2540 veteribus
902 2478 1081 2554 poetisfides
1096 2496 1162 2540 esse
1177 2477 1275 2555 debet)
1290 2481 1461 2539 innuentem

289 2581 445 2656 aliqnando
461 2582 489 2643 d.
505 2588 527 2643 t
542 2585 641 2644 venire
655 2582 791 2659 arbitror,
808 2586 885 2659 quod
899 2585 967 2647 olim
979 2586 1146 2646 Retisbonae
1162 2586 1229 2646 dum
1244 2586 1300 2660 piae
1315 2586 1460 2645 memorias

288 2687 372 2747 divus
386 2688 514 2747 loannes
526 2687 642 2748 Dianium
650 2689 752 2749 Iberus
760 2689 867 2751 Christi
880 2708 948 2751 mox
961 2697 1071 2766 martyr
1079 2692 1229 2767 Neuburgi
1243 2690 1282 2751 ad
1296 2690 1460 2752 Danubium

287 2789 381 2853 taetus
396 2809 441 2853 me
456 2794 544 2855 semel
567 2801 655 2869 atque
674 2798 777 2857 iterum
798 2797 914 2859 chamas
934 2800 1093 2859 illinentem
1112 2798 1261 2859 inveniens
1280 2815 1333 2873 pro
1349 2813 1400 2857 eno
1417 2795 1461 2874 (nt

287 2896 378 2975 nosti)
394 2916 473 2960 more
488 2901 561 2961 sois-e
575 2903 695 2977 cupiens
710 2904 846 2977 quidnam
866 2906 903 2964 iis
917 2906 1018 2966 naeniis
1034 2922 1171 2980 tormer,
1194 2906 1249 2983 ipsi
1271 2920 1316 2963 me
1336 2905 1459 2964 interro·

286 3007 377 3081 genti,
393 3008 543 3083 respondi,
564 3024 610 3069 me
624 3008 744 3081 singulis
760 3010 860 3069 diebus
874 3028 962 3072 unam
980 3014 1027 3072 vel
1047 3013 1151 3073 ducere
1165 3012 1269 3072 lineann
1284 3009 1370 3082 velle,
1390 3008 1461 3083 qnid

285 3128 384 3171 rerum
398 3112 458 3171 illie
471 3117 608 3187 ageretur
622 3112 701 3186 quod
716 3129 780 3171 oum
803 3114 866 3173 viro
879 3114 930 3174 illo
945 3122 1043 3175 saneto
1065 3116 1110 3194 (nt
1124 3118 1154 3177 ni
1167 3116 1252 3177 fallor
1267 3112 1460 3175 eandidissimi

286 3221 353 3277 erat
366 3215 487 3293 ingenii)
502 3218 609 3278 bomini
623 3219 727 3277 mirum
741 3219 771 3277 in
786 3217 901 3277 modum
917 3219 998 3278 cordi
1012 3218 1075 3280 init.
1108 3221 1155 3281 Sio
1169 3223 1268 3294 itaque
1283 3221 1321 3279 ab
1335 3236 1371 3280 eo
1385 3225 1457 3279 tem·

284 3338 358 3398 pore
372 3322 404 3383 id
418 3338 472 3397 per
493 3324 621 3398 singulos
640 3323 702 3384 dies
716 3322 787 3383 mihi
806 3328 836 3383 et
856 3324 880 3383 si
894 3341 954 3383 nou
967 3321 1075 3400 Musis,
1098 3341 1220 3400 quarum
1240 3325 1310 3383 mihi
1325 3323 1456 3398 profecto

284 3429 365 3489 nulla
374 3434 419 3489 est
429 3430 531 3506 gloria,
544 3431 596 3492 sed
605 3437 701 3491 tamen
710 3430 886 3492 refricationi
894 3431 1040 3492 memoriae
1049 3431 1168 3491 tentavi
1185 3430 1288 3503 Sitque
1302 3427 1397 3488 forulo
1407 3426 1457 3486 nbi

284 3535 403 3595 libuerit
412 3536 440 3595 d.
453 3542 474 3596 t.
487 3536 619 3595 libandas
634 3539 711 3609 ipsas
719 3554 797 3596 meas
811 3538 920 3597 naenias
935 3552 1010 3597 anno
1025 3535 1314 3613 elapsoStndgardise
1329 3548 1457 3610 praesens
1492 3570 1494 3575 ,

284 3646 319 3700 ut
332 3643 411 3715 patri
424 3647 455 3701 et
468 3644 559 3702 anneo
574 3641 691 3701 tradidi.
729 3642 769 3701 Et
792 3659 867 3703 nuno
880 3647 974 3702 macte
988 3640 1112 3703 candore
1128 3641 1315 3715 doctrinaque
1329 3639 1348 3699 J
1349 3653 1456 3699 oannes

284 3746 355 3806 miti
374 3748 404 3806 in
425 3752 549 3807 mentem
570 3748 664 3823 venit,
685 3748 820 3822 promissi
839 3748 875 3807 de
896 3747 1068 3823 Augustanus
1088 3763 1153 3806 mea
1167 3743 1359 3821 profectione,
1383 3758 1456 3817 ques

283 3851 482 3912 miscellaneae
498 3847 510 3887 ⁸
526 3869 585 3911 nou
600 3854 687 3912 etiam
701 3853 886 3929 morionibus,
902 3846 989 3913 etism
1004 3870 1056 3913 sua
1071 3857 1138 3912 snut
1152 3851 1267 3912 uomina
1280 3833 1372 3909 eidem
1387 3847 1416 3908 d.
1432 3851 1454 3906 t.

283 3957 452 4017 charissimo
471 3958 548 4031 patri
567 3964 596 4019 et
611 3959 702 4017 amieo
726 3976 780 4034 pro
799 3957 866 4020 fidei
885 3964 944 4019 tuae
967 3950 1138 4020 dexteritate
1156 3955 1322 4018 transmitto
1345 3954 1456 4011 utinam

282 4070 380 4125 autern
395 4070 557 4138 superesset
576 4068 646 4124 aetas
666 4066 804 4125 memoria
823 4070 853 4125 et
867 4065 961 4123 ooinm
980 4064 1110 4125 lectionis
1124 4064 1193 4124 mihi
1208 4062 1375 4135 contingere
1390 4074 1455 4134 pos·

284 4172 339 4242 set,
355 4175 389 4229 ut
403 4166 439 4227 de
453 4169 530 4227 omni
543 4169 604 4228 vita
618 4170 787 4245 operatione
801 4174 924 4244 utraque
939 4167 1056 4231 lomuua
1070 4170 1099 4230 d.
1114 4174 1137 4230 t.
1153 4168 1280 4244 ejusdem
1295 4165 1456 4241 argumenti

282 4274 429 4334 volumina
446 4278 498 4335 tua
516 4287 604 4335 manu
618 4273 762 4350 descripta
786 4276 851 4352 (sed
866 4274 920 4359 deo
941 4277 1043 4350 gratie
1061 4275 1167 4335 bouum
1181 4278 1212 4332 et
1231 4276 1329 4345 notum
1351 4284 1456 4329 nomen

282 4383 365 4438 tuum
379 4384 425 4439 est
438 4394 535 4438 eoram
549 4377 694 4455 eoelesiaz)
705 4379 898 4457 obtingerent,
909 4381 1025 4442 viderer
1033 4381 1103 4439 mihi
1114 4379 1179 4455 plns
1193 4376 1323 4439 thesauri
1337 4377 1368 4435 in
1381 4376 1454 4435 mul·

282 4491 379 4546 torum
393 4486 480 4546 etiam
495 4482 608 4557 piorum
627 4484 750 4546 maxime
773 4485 999 4549 adolescentium
1012 4489 1262 4562 oonsequuturum,
1284 4498 1371 4557 quarn
1386 4481 1454 4543 olim

859 4619 876 4656 t

357 4724 370 4771 1
391 4717 424 4771 de
442 4725 531 4772 nostra
549 4718 687 4795 amicitia?
713 4717 777 4772 oder
801 4724 881 4773 etwas
908 4720 954 4772 des·
972 4726 1019 4773 art.
1077 4724 1092 4772 2
1120 4721 1154 4773 So
1173 4718 1220 4772 hut
1237 4716 1346 4772 Wolrad
1365 4716 1454 4786 sigen·

281 4806 386 4878 hliudig
403 4809 547 4878 corrigiert.
583 4809 623 4861 Es
639 4824 709 4860 war:
731 4808 939 4874 ‚maeelsueaa“
