3700 5692
839 745 879 812 hl

275 928 508 1003 obequitavnnus,
525 928 575 987 uhi
589 927 627 988 ad
642 925 715 1002 Lyci
728 929 827 990 littora
840 931 871 989 in
885 946 975 991 arena
988 949 1093 1008 pueros
1109 950 1250 998 casarsos
1266 953 1354 1012 equos
1370 938 1445 998 Nea·

274 1035 414 1109 politauos
442 1040 609 1094 asturcones
636 1039 666 1094 et
695 1051 784 1108 equos
812 1037 935 1111 celeres,
953 1054 1037 1110 »quos
1059 1047 1177 1114 ganatos
1200 1050 1318 1119 vocant,
1350 1046 1445 1118 girarc

274 1146 301 1199 ct
321 1139 360 1200 ad
382 1145 537 1213 utrumque
557 1140 633 1200 latus
653 1141 684 1199 in
703 1141 787 1201 orbes
810 1147 937 1217 vertere,
961 1151 993 1204 ut
1013 1147 1136 1219 peritum
1158 1154 1202 1207 est
1221 1150 1369 1222 equitandi
1390 1149 1445 1209 hoc

272 1263 360 1319 genus
379 1247 541 1320 hominum,
564 1246 697 1306 uidimus.
728 1247 824 1321 Major
846 1253 943 1307 autem
962 1249 1064 1309 horum
1078 1269 1145 1324 pars
1165 1254 1326 1330 principum
1345 1261 1374 1314 ct
1395 1259 1442 1315 eo·

271 1352 369 1410 mitum
392 1349 454 1410 filii.
491 1353 531 1411 Et
553 1352 621 1410 dnm
648 1354 678 1411 in
699 1353 929 1413 nrbemrcverti
951 1356 1094 1430 cupimus,
1123 1356 1186 1418 fere
1207 1358 1237 1417 in
1259 1359 1329 1433 ipsis
1351 1361 1443 1434 portis

270 1455 420 1531 hdolphus
441 1455 618 1516 coloniensis
638 1458 868 1533 archiepiscopus
887 1476 952 1519 cum
974 1463 1118 1534 equitibus
1138 1464 1202 1536 plus
1217 1464 1309 1522 minus
1323 1465 1443 1538 triginta

270 1562 351 1621 nobis
365 1560 399 1620 fit
420 1562 533 1623 obrius·
568 1561 642 1622 Erat
659 1563 691 1621 in
711 1564 747 1622 iis
767 1565 884 1638 campis,
908 1566 939 1623 in
962 1581 1019 1640 quo
1040 1570 1123 1641 pueri
1143 1570 1301 1643 certabant,
1326 1586 1440 1645 auceps,

269 1669 317 1740 qui
332 1668 397 1727 niso
414 1682 450 1726 ex
464 1668 543 1741 ligno
557 1665 666 1728 affabre
680 1669 792 1744 sculpto
807 1671 928 1730 cessitas
942 1678 1145 1747 aucuparetur.

356 1772 457 1847 Nepos
473 1777 503 1832 et
515 1774 643 1832 Joannes
657 1769 747 1833 frater
761 1777 861 1833 noster
875 1777 954 1851 apud
968 1776 1113 1839 dominum
1128 1781 1286 1856 principem
1306 1782 1337 1840 in
1350 1783 1441 1843 hortis

268 1878 416 1951 Herbroti,
440 1895 497 1952 quo
512 1879 718 1939 adlevandum
731 1879 847 1939 tedium
862 1897 894 1940 se
909 1882 1012 1942 dcvchi
1028 1882 1146 1960 lecerat,
1171 1891 1262 1945 erant.

355 1983 394 2043 D.
410 1985 447 2044 de
462 1983 642 2044 Grandevcla
655 1986 687 2044 in
700 1985 809 2045 aedibus
829 1984 998 2059 Hieronymi
1018 1989 1145 2064 Fuggcri
1166 1987 1321 2064 hospitium
1343 1992 1439 2064 hahet,

267 2090 329 2164 qui,
352 2090 421 2148 dum
434 2091 558 2164 vireret,
582 2107 635 2150 sua
649 2097 727 2150 sorte
741 2095 906 2166 contentus,
930 2095 1143 2167 negotiationes
1159 2096 1252 2155 111111
1268 2097 1336 2178 agit.
1435 2155 1437 2160 .

353 2195 494 2278 angcri,
519 2196 569 2269 qui
586 2196 673 2256 hodic
694 2203 856 2272 supersunt,
881 2200 1044 2275 monopoha
1063 2207 1200 2260 exercent
1220 2205 1250 2259 et
1271 2199 1378 2260 domini
1398 2200 1439 2258 di·
1514 2183 1516 2188 ¹

265 2303 374 2361 honum
388 2302 500 2376 aliquot
513 2308 588 2376 sunt,
612 2302 720 2362 scillcet
733 2302 885 2378 Antonius,
910 2305 990 2378 cuius
1005 2321 1077 2366 uxor
1092 2303 1226 2364 damaeta
1242 2310 1294 2380 est,
1310 2305 1438 2366 Joannes

265 2408 391 2469 Jacobus
413 2413 443 2467 ct
464 2408 591 2468 Joanncs
612 2405 761 2483 Georgius,
785 2411 815 2468 in
834 2409 914 2482 cnjus
937 2409 1047 2470 sedibus
1068 2411 1279 2472 Maximilianus
1300 2393 1438 2470 archidux

264 2513 369 2572 balnea
382 2527 475 2573 verna
489 2514 638 2573 habiturus
654 2513 767 2574 dicitnr.

351 2619 425 2678 Hae
445 2618 546 2679 cadem
568 2619 630 2679 dies
650 2635 775 2680 mensem
796 2621 962 2695 complevit,
987 2621 1064 2696 quod
1086 2638 1104 2680 a
1127 2621 1293 2683 Waldeceia
1316 2619 1437 2696 proiecti

265 2741 371 2784 sumus.

352 2829 464 2892 Eadem
477 2831 665 2891 indominica
682 2831 852 2906 Augustam
871 2837 1050 2908 apparautm
1070 2835 1197 2907 exeqniae
1219 2833 1293 2906 regis
1314 2832 1437 2892 Polono·

263 2953 335 2996 rum.
366 2937 520 3022 Extruitm·
539 2953 576 2995 ex
595 2935 741 2997 asseribus
763 2938 897 2998 abietinis
916 2939 1010 2998 instar
1029 2941 1099 2998 tecti
1121 2937 1275 2999 acuminati
1296 2938 1436 3013 pulpitum

263 3046 294 3103 in
307 3050 416 3103 terram
435 3059 558 3117 vergens
577 3044 664 3103 latius
685 3050 851 3118 coopertum
865 3059 963 3118 panno
979 3044 1138 3104 holoserico
1153 3043 1245 3118 nigro,
1267 3045 1298 3103 in
1314 3047 1436 3116 quatuor

263 3150 374 3224 angulis
393 3149 517 3223 insignia
535 3150 616 3222 regia
633 3148 748 3223 depicta
765 3147 884 3221 habens,
907 3149 945 3208 ah
966 3150 1023 3208 imo
1038 3166 1128 3223 usque
1144 3149 1182 3210 ad
1196 3149 1329 3208 verticem
1345 3149 1436 3208 cereis

236 3256 444 3315 ‘adornatum
474 3255 530 3313 Hic
549 3259 646 3315 autem
665 3233 717 3314 rex
740 3253 786 3314 die
808 3252 971 3328 paschatos,
997 3253 1065 3313 dum
1084 3254 1120 3313 oh
1141 3253 1251 3312 senirum
1274 3255 1303 3311 in
1318 3253 1389 3312 sella
1404 3268 1435 3312 se

261 3362 299 3422 ad
312 3359 452 3435 templum
467 3361 574 3434 gestari
596 3361 694 3435 voluit,
717 3360 813 3421 subito
827 3361 981 3435 apoplexia
995 3360 1091 3434 periit,
1110 3359 1156 3416 cui
1171 3357 1265 3416 Deum
1279 3358 1434 3431 propitium

261 3467 458 3540 deprecamur,
496 3467 591 3540 Hujus
613 3472 708 3525 autem
731 3465 859 3525 Poloniae
882 3465 958 3538 regis
981 3463 1109 3524 marchio
1135 3463 1299 3522 Joachlmus
1327 3463 1434 3524 elector

260 3588 350 3646 gener
364 3576 419 3644 est,
442 3573 523 3645 cuius
545 3587 619 3631 uxor
635 3572 694 3645 J'am
717 3587 830 3645 quoque
845 3571 983 3645 Augusta
999 3575 1051 3629 est.
1082 3569 1242 3630 Protractae
1257 3573 1353 3627 tamen
1368 3572 1435 3626 sunt

260 3678 304 3736 hae
319 3677 450 3751 exequioe
464 3677 494 3736 in
510 3675 776 3736 diemdominicam.

347 3781 425 3841 Ante
440 3796 547 3856 paucos
562 3781 623 3842 dies
636 3784 748 3858 legatus
762 3768 876 3858 Angliae
890 3783 967 3857 regis
983 3782 1108 3843 advenit.
1413 3863 1415 3870 Ι

346 3887 476 3948 Joannes
489 3886 581 3948 frater
595 3887 671 3964 apud
687 3889 901 3960 rtreverensem,
926 3903 1015 3963 nepos
1036 3888 1113 3961 apud
1134 3887 1333 3947 Coloniensem
1348 3902 1433 3962 pran-

258 4007 304 4052 sus
320 3997 376 4053 est.
406 3991 513 4053 Attulit
527 3993 627 4054 eodem
642 3995 823 4054 amanuensis
837 3993 887 4054 ille
901 3994 1039 4069 scriptum
1054 3991 1178 4068 aliquod.

346 4098 471 4159 Domine
492 4099 579 4173 Deus,
604 4100 653 4173 qui
674 4100 762 4159 corda
782 4103 811 4159 et
831 4115 917 4160 renes
937 4101 1061 4159 omnium
1076 4099 1239 4160 mortalium
1254 4099 1369 4174 cognita
1382 4099 1433 4158 ha·

255 4203 316 4278 bes,
340 4209 375 4262 tu
389 4202 478 4264 corda
491 4212 590 4265 nostra
604 4203 727 4280 purifica
741 4210 770 4264 et
784 4205 895 4265 lumbos
916 4210 1032 4266 nostros
1048 4206 1178 4280 accinge,
1202 4221 1260 4278 quo
1273 4205 1334 4279 pie,
1353 4205 1432 4278 J‘usta

254 4315 284 4369 et
304 4310 404 4369 sobrie
425 4311 510 4385 hujus
529 4312 597 4371 vitae
616 4312 787 4372 cuniculum
807 4308 947 4384 perlicere
967 4311 1126 4386 valeamus,
1151 4309 1299 4384 dignique,
1322 4315 1353 4366 te
1373 4309 1430 4367 lar-

252 4415 363 4490 giente,
387 4416 623 4490 promissionibus
638 4414 689 4476 tilii
703 4417 746 4476 tui
761 4416 832 4475 Jesu
847 4415 955 4475 Christi
975 4413 1145 4489 efficiamur,
1169 4429 1223 4488 per
1243 4409 1364 4474 eundem
1379 4413 1430 4474 do·

251 4522 365 4580 minum
380 4527 510 4581 nostrum
526 4505 579 4582 etc.

343 4626 388 4700 iiij
408 4626 482 4701 Maii
501 4628 530 4687 d.
552 4626 703 4686 Masculus
721 4631 889 4701 prosecutus
908 4633 954 4686 est
973 4631 1084 4687 textum
1104 4627 1205 4701 capitis
1231 4627 1271 4685 15
1292 4625 1429 4685 Joanuis:

249 4732 330 4803 Quia
344 4737 430 4807 poter
443 4733 537 4807 major
555 4748 601 4792 me
622 4737 675 4806 est,
699 4737 729 4791 st
747 4733 861 4805 reliqua
880 4747 971 4806 nsque
992 4731 1029 4792 ad
1049 4731 1134 4793 finam
1149 4733 1260 4806 capitis.
1298 4733 1371 4805 Etsi,
1387 4733 1430 4790 in·

248 4840 326 4914 quit,
350 4852 460 4913 omnes,
484 4839 533 4913 qui
547 4838 624 4899 hunc
635 4838 729 4899 locum
743 4854 779 4897 ax
800 4838 891 4899 doctis
911 4842 942 4896 et
962 4836 1092 4912 patribus
1111 4837 1205 4900 adhuc
1225 4843 1428 4914 exposuerunt,
