3700 5692
711 1395 744 1458 0.
759 1396 796 1458 D.
811 1397 848 1459 Τ.
864 1398 900 1459 Τ.
916 1396 948 1459 0.
960 1391 1007 1459 M.

529 1592 564 1658 ll
583 1588 702 1659 bodoli
720 1590 957 1660 elselloolbll
976 1592 1092 1663 ubils
1111 1593 1191 1662 llll.

287 1745 645 1890 wosnlnn
677 1790 927 1888 concini
959 1794 1034 1890 ΙΝ
1069 1795 1424 1893 winnoci<

546 1968 725 2063 wnonncn
742 2011 770 2062 nv
787 2010 884 2063 enan
901 2009 998 2064 arno
1017 2011 1164 2066 emonis
1231 1978 1233 1984 ’

780 2107 932 2162 numm.

358 2399 390 2462 S.
406 2397 564 2460 Audieram
583 2413 678 2459 comes
696 2375 901 2474 illustrissime,
923 2399 1141 2460 clementissime
1160 2399 1273 2463 domine
1292 2402 1324 2464 c.
1340 2404 1375 2465 Τ.
1390 2403 1442 2466 eb-

273 2522 332 2568 esse
345 2522 478 2582 peregre.
501 2506 573 2566 Haec
585 2505 717 2566 absentie
730 2503 800 2564 mibi
818 2521 960 2581 perquem
974 2506 1158 2568 accommoda
1176 2509 1288 2569 eccesie
1306 2509 1369 2570 vise
1386 2508 1442 2571 init

273 2629 314 2673 me
327 2614 436 2676 diutius
450 2612 612 2673 oblectandi
631 2613 663 2672 iu
677 2611 813 2671 ebrobico
831 2617 892 2672 tuo.
923 2611 1019 2684 Quare
1040 2613 1066 2672 si
1080 2613 1151 2687 quid
1164 2619 1313 2690 peccatum
1328 2619 1381 2690 est,
1405 2632 1441 2676 ee

272 2720 363 2794 potius
378 2720 465 2794 culpa
478 2719 563 2793 genio
576 2718 644 2778 libri
656 2715 847 2778 omnimodam
859 2718 1028 2778 serietatem
1048 2719 1169 2793 spiranti
1189 2725 1219 2780 et
1237 2735 1290 2781 eeu
1303 2720 1441 2780 lectorem

274 2826 419 2902 retinenti,
443 2841 529 2899 quem
547 2824 619 2883 mibi
639 2821 807 2898 imputanda
828 2824 915 2883 venit.
953 2821 1019 2898 Ago
1037 2830 1134 2885 temen
1157 2823 1188 2885 b.
1209 2823 1244 2884 Τ.
1265 2825 1375 2900 gratiss
1389 2827 1441 2885 im-

273 2932 405 2992 mortales
425 2939 456 2992 et
473 2945 530 3005 quo
549 2927 705 2990 faciliorem
725 2927 888 3004 demerear,
912 2930 1151 3006 epigrammatica
1170 2931 1368 3006 quelecunque
1385 2931 1442 2991 cle·

273 3042 380 3099 menter
393 3036 517 3113 occipiat
531 3041 562 3098 et
574 3036 662 3110 legat.

446 3210 553 3278 Imperii
569 3223 705 3277 procerum
724 3222 794 3259 suevo
812 3221 872 3258 cum
890 3206 994 3259 cnsure
1011 3207 1111 3262 bellum

483 3299 592 3351 Gentem
611 3313 658 3365 pro
675 3311 741 3364 pura
757 3295 896 3362 relligione
915 3296 975 3360 Dei,

448 3385 531 3437 Crede
549 3386 628 3449 mihi,
645 3401 714 3436 rena
730 3385 897 3451 quantumvis
913 3399 1028 3452 paupere
1047 3385 1158 3453 scriptor

482 3473 565 3527 Nemo
582 3473 761 3526 voluminibus
778 3473 875 3524 dixerit
890 3473 1004 3540 exiguis.

447 3563 545 3614 'l'ristiu
563 3568 673 3614 coneus
690 3563 801 3614 iuleusti
818 3561 938 3628 germine
955 3567 1045 3629 specte

481 3651 607 3704 Freeuudi
625 3653 734 3703 miseras
752 3651 939 3717 relliquiasque
958 3648 1034 3700 mulie

448 3740 551 3804 Quanta
568 3740 643 3792 rides
662 3740 785 3792 loliorum
804 3739 939 3802 examine,
959 3736 1070 3804 denique
1089 3740 1214 3804 quantum

483 3830 608 3882 Historiae
624 3844 693 3880 vera
710 3829 806 3880 lexerit
824 3833 899 3879 autor
916 3841 995 3893 opus;

445 3920 501 3970 Iste
518 3926 605 3970 tamen
623 3917 703 3969 celeri
722 3918 824 3970 celemo
842 3914 916 3967 dedit
933 3915 1022 3967 omnia
1038 3913 1137 3967 clerum

479 4005 603 4060 Eubulus
621 4008 746 4058 comitum
763 4004 944 4071 nobiliumque
958 4003 1046 4069 juber.

448 4097 545 4164 Aspice
562 4103 707 4164 susceptus,
724 4094 843 4162 quisquis
861 4093 939 4159 legis,
956 4093 1008 4143 ieta
1025 4089 1129 4142 lebores

482 4183 583 4236 dlxcute
600 4201 648 4253 pro
665 4197 729 4235 vera
745 4182 816 4234 lecte
833 4180 933 4250 pericle
951 4180 1010 4232 fide.

444 4273 525 4324 Disce
543 4288 638 4340 greve·
656 4272 738 4324 enimi
755 4270 879 4323 incuntis
897 4285 1006 4337 corpore
1024 4284 1130 4337 pugnas

430 4385 433 4394 ·
482 4361 602 4428 Quidque
620 4362 656 4413 sit
673 4361 701 4411 iu
720 4359 806 4411 solum
824 4360 905 4412 fidere
922 4373 1001 4428 posse
1019 4358 1113 4408 Deum.

447 4451 500 4502 Hei
519 4451 584 4503 mibi
602 4467 681 4517 qnam
699 4450 776 4518 pauci
795 4449 896 4501 similes
914 4461 1021 4500 sensere
1040 4445 1152 4508 dolores,
1188 4442 1194 4452 '

482 4540 618 4606 Quemque
636 4544 708 4590 tenet
725 4538 842 4591 modicos
860 4537 906 4589 bie
923 4537 1030 4605 pictatis
1049 4533 1138 4585 emori

323 4685 418 4750 Valeat
432 4686 463 4750 0.
480 4688 514 4748 Τ.
530 4691 560 4747 et
574 4687 685 4749 calamo
699 4685 867 4763 properanti
881 4637 1021 4761 ignoscet.
