3700 5692
851 742 925 826 lor⁴

290 936 413 994 quarum
428 937 486 980 una
501 921 646 995 pendebat
660 928 774 981 centum
788 927 818 981 et
832 921 953 997 triginta
968 939 1087 999 aureos,
1111 925 1204 985 altera
1220 932 1371 989 coronatos
1386 935 1466 993 octo·

288 1028 371 1101 ginta
383 1031 512 1099 quatuor
527 1033 557 1085 et
571 1026 754 1085 semuncium.
786 1025 862 1084 Nam
881 1028 1016 1101 pecunia,
1041 1044 1104 1101 quoe
1125 1046 1141 1089 e
1162 1032 1345 1106 hlorinberga
1366 1036 1464 1095 venire

289 1131 428 1203 debebat,
450 1133 580 1190 nondum
598 1132 688 1189 allata
709 1137 782 1190 erat.
813 1132 853 1190 Et
871 1132 948 1189 ultra
967 1132 1016 1190 blo
1037 1139 1166 1207 sumptus
1187 1134 1283 1195 iacere
1302 1139 1405 1198 inultas
1425 1140 1465 1198 ob

287 1252 392 1294 causas
407 1236 620 1295 incommodum
634 1242 707 1295 erat.

378 1339 407 1396 A
428 1340 552 1414 prandio
573 1342 705 1399 comitem
727 1340 909 1399 Wilhelmum
938 1341 1036 1414 invisi,
1065 1344 1160 1401 omnia
1189 1348 1218 1402 et
1241 1349 1274 1403 ut
1298 1344 1464 1405 acciderant

287 1461 326 1503 ex
344 1443 449 1503 ordine
468 1443 598 1505 referens
620 1452 650 1505 et
673 1445 846 1518 superabis
870 1446 933 1517 eius
957 1445 1107 1504 consilium
1129 1447 1225 1505 audivi
1248 1448 1395 1521 obtulique
1419 1450 1461 1509 illi

287 1566 403 1621 equum.
499 1577 503 1584 ·
947 1600 949 1603 .

376 1654 490 1713 Deinde
503 1653 658 1725 hospitium
672 1653 805 1714 electoris
819 1656 993 1714 marchionis
1007 1656 1151 1715 transiens
1162 1660 1323 1730 opportune
1332 1657 1460 1716 marchio

285 1758 411 1829 primum
427 1774 443 1815 e
458 1758 543 1817 doulo
559 1760 706 1817 senatoria
720 1764 870 1818 revertens
886 1759 964 1817 aedes
978 1760 1077 1820 intrat.
1102 1761 1275 1821 Subsecutus
1289 1763 1387 1835 itaque
1402 1763 1459 1821 Lu-

286 1864 424 1922 deritiurn
439 1865 558 1921 conveni
574 1868 605 1921 et
618 1868 651 1921 ut
665 1865 822 1922 marchioni
842 1880 908 1921 meo
928 1866 1041 1923 nomine
1062 1868 1170 1938 gratias
1191 1872 1305 1940 ageret,
1326 1867 1386 1926 sive
1405 1885 1459 1941 pro

283 1983 330 2025 me
345 1968 558 2026 intercessisset
572 1969 631 2026 sire
645 1986 713 2027 non.
743 1969 819 2027 Nam
830 1971 892 2043 jam
906 1970 978 2027 nihil
993 1972 1055 2043 spei
1070 1969 1105 2029 de
1120 1986 1155 2029 ee
1170 1986 1204 2028 re
1217 1970 1370 2042 reliquum.
1401 1973 1457 2031 Ve-

284 2089 350 2130 rum
364 2088 403 2131 ne
419 2077 590 2144 gravaretur
605 2089 624 2131 a
637 2073 801 2131 marchione
817 2073 941 2146 discere,
963 2075 988 2130 si
1008 2075 1204 2133 intercesserit
1224 2090 1261 2131 en
1280 2090 1376 2147 secus,
1401 2092 1458 2147 quo

283 2177 422 2235 haberem
438 2177 516 2248 quod
530 2178 705 2251 principibus
720 2184 750 2237 el
764 2179 914 2237 comitibus
931 2178 967 2236 de
982 2177 1157 2251 Henneberg
1173 2178 1211 2239 ad
1229 2178 1337 2253 scripta
1358 2194 1457 2237 eorum

283 2281 462 2356 respondere
476 2298 599 2355 possem.
630 2283 780 2342 Alloemus
795 2300 857 2341 sum
873 2298 987 2355 quoque
1007 2282 1124 2342 fratrem
1146 2299 1310 2356 germanum
1329 2283 1455 2344 Atreba-

283 2389 375 2445 tensis
388 2403 496 2460 rogans
510 2389 586 2446 inter
601 2393 707 2460 cetera,
724 2393 757 2445 ut
771 2388 876 2447 iratres
891 2404 970 2446 meos
985 2388 1194 2447 commendatos
1210 2387 1286 2460 apud
1301 2393 1411 2461 patrem
1428 2393 1457 2446 et

282 2491 504 2570 fratremsuum
518 2494 671 2566 praesulem
685 2493 815 2553 haberet.

374 2596 485 2656 Eadem
501 2597 632 2670 quidam,
655 2599 733 2669 quod
747 2599 886 2659 incestum
910 2616 974 2659 cum
998 2615 1135 2673 germana
1157 2614 1257 2658 sorore
1277 2599 1375 2656 uxoris
1395 2614 1456 2657 sure

284 2701 469 2772 commiserit,
485 2718 539 2775 pro
553 2700 617 2761 foro
633 2708 663 2759 et
677 2704 765 2775 virgis
780 2720 870 2762 caesus
886 2711 915 2765 et
930 2706 1044 2763 civitate
1059 2704 1190 2776 Augusta
1206 2703 1314 2775 ejectus
1329 2709 1382 2762 est.

374 2806 485 2865 Eadem
511 2805 731 2878 christophorus
752 2808 810 2867 dux
829 2814 858 2868 et
879 2826 973 2868 comes
997 2826 1015 2868 a
1036 2808 1235 2881 Wirtenberg,
1260 2807 1309 2880 qui
1329 2823 1453 2882 quoque,

284 2927 349 2968 cum
369 2913 480 2970 reniam
504 2926 648 2969 acaesare
671 2919 812 2988 peterem,
836 2916 942 2988 astitit,
966 2914 1032 2972 binc
1051 2913 1135 2987 abiit,
1157 2930 1215 2972 non
1230 2913 1307 2970 omni
1322 2918 1454 2986 exparte

283 3032 348 3073 cum
364 3018 459 3090 gratia
473 3016 614 3074 dimissus.

372 3122 483 3179 Eadem
497 3106 833 3181 omnibus'creditoribus
853 3123 934 3181 ducis
956 3122 1088 3181 Otthonis
1108 3122 1227 3181 Henrici
1247 3121 1372 3181 Palatini
1393 3121 1457 3181 dies

283 3226 441 3283 constituta
459 3230 535 3299 erat,
559 3226 662 3298 quibus
676 3226 740 3282 haec
754 3226 812 3284 duo
827 3227 943 3285 caesaris
958 3227 1073 3284 nonnae
1089 3227 1332 3298 proponebantur.
1356 3226 1455 3284 Primo

283 3346 348 3388 cum
362 3330 433 3403 ipsis
448 3327 659 3404 expostulatum
673 3337 730 3403 est,
747 3330 824 3403 quod
839 3347 890 3389 suo
906 3346 965 3389 aere
981 3330 1176 3388 Palatinatum
1192 3333 1369 3386 onerassent.
1394 3328 1454 3387 De-

283 3435 352 3494 inde
368 3437 392 3493 si
408 3436 456 3507 qui
472 3441 577 3508 essent,
594 3435 644 3506 qui
658 3434 806 3492 dimidium
822 3435 999 3508 depromptae
1014 3433 1143 3507 pecuniae
1159 3432 1288 3505 accipere
1303 3431 1418 3505 vellent,
1435 3447 1453 3489 a

282 3540 471 3597 thesaurariis
487 3556 620 3598 casareae
634 3541 791 3612 majestatis
807 3556 870 3598 earn
885 3540 1056 3612 reciperent.
1089 3537 1139 3595 Sin
1158 3552 1226 3595 vero
1247 3535 1310 3593 haec
1330 3535 1377 3593 via
1396 3535 1453 3593 illis

282 3643 488 3703 incommodior
502 3644 664 3714 videretur,
687 3660 823 3702 caesarem
837 3661 987 3717 passurum
1002 3647 1035 3700 ut
1050 3644 1079 3700 in
1090 3643 1139 3715 jus
1155 3657 1173 3699 a
1193 3638 1383 3698 creditoribus
1403 3655 1454 3698 vo·

282 3753 409 3807 caretur.
440 3748 537 3807 Durus
552 3754 617 3807 erat
630 3750 655 3805 is
674 3749 864 3807 creditoribus
886 3765 995 3821 sermo,
1022 3763 1120 3805 verum
1140 3746 1242 3819 religio
1263 3749 1308 3802 est
1324 3746 1396 3817 ipsis
1415 3760 1452 3803 ne

282 3854 375 3926 maJ‘or
389 3870 496 3927 rogans
509 3856 634 3927 imperet
647 3870 712 3925 quoe
727 3853 804 3911 velit.
834 3854 910 3912 Nam
923 3852 1069 3911 Herbroto
1084 3850 1194 3907 consuli
1212 3849 1286 3906 male
1306 3849 1367 3906 haec
1388 3848 1452 3906 alea

283 3965 424 4033 cesserat,
447 3960 497 4031 qni
520 3975 583 4016 cum
606 3958 772 4017 Charibdim
791 3956 918 4031 ingeret,
943 3958 974 4015 in
990 3955 1091 4029 Scyle
1108 3959 1268 4013 monstrum
1283 3953 1397 4027 incidit,
1420 3959 1454 4011 ut

282 4066 416 4141 superius
432 4064 537 4121 dictum
553 4069 606 4121 est.

373 4169 629 4228 Schwartzenstein
651 4167 751 4225 eadem
771 4167 818 4226 die
837 4166 985 4225 nobiscum
1005 4183 1128 4239 pransus
1151 4168 1204 4224 est.
1235 4165 1262 4222 A
1282 4179 1364 4221 coena
1384 4159 1452 4219 Gla-

282 4291 366 4333 serus
382 4290 435 4332 nos
449 4273 569 4330 inrisiit.
593 4273 680 4331 Venit
694 4272 732 4329 ad
745 4271 899 4343 hospitium
915 4278 1044 4331 nostrum
1060 4276 1090 4330 et
1103 4268 1292 4344 Wollgunpus
1307 4280 1400 4323 comes
1414 4263 1453 4322 ab

284 4379 442 4451 Oetingen‚
467 4378 557 4450 magis
572 4381 605 4434 ut
619 4376 697 4450 apud
716 4376 858 4449 hospitem
878 4377 970 4435 latens
992 4378 1088 4435 vinum
1108 4373 1292 4445 decoqueret,
1315 4371 1454 4441 quamue

282 4485 438 4557 quenpiam
452 4499 489 4541 ex
503 4487 604 4541 nostro
621 4481 755 4539 sodalitio
770 4482 978 4555 alloqueretur,
1003 4482 1069 4539 lieet
1083 4496 1101 4537 a
1116 4477 1197 4537 nobis
1213 4474 1251 4533 ed
1270 4488 1382 4533 coenam
1404 4487 1454 4530 vo·

281 4593 365 4647 catus
380 4592 465 4646 esset.

373 4691 432 4751 Sub
447 4698 558 4752 noctem
573 4692 677 4765 hospes
692 4696 790 4749 noster
805 4706 868 4749 cum
887 4704 977 4747 uxore
997 4686 1067 4745 mihi
1089 4684 1318 4760 spoponderunt,
1341 4698 1372 4739 se
1392 4685 1451 4739 tre·

281 4800 380 4857 centos
394 4797 477 4857 nobis
491 4795 616 4857 florenos
631 4801 729 4854 mutuo
744 4795 827 4869 dare,
851 4811 905 4855 nec
919 4810 968 4855 eos
984 4791 1134 4865 quicquam
1149 4792 1195 4850 vel
1216 4788 1290 4847 lucri
1310 4786 1356 4846 vel
1375 4800 1452 4844 erno·
