3700 5692
832 752 875 820 ot

286 934 417 994 adducens
433 933 554 995 Paulum
574 934 779 1007 corripientem
794 933 972 1009 Corinthios,
1001 934 1079 1008 quod
1100 952 1130 996 se
1150 937 1222 996 alius
1243 936 1339 1012 Pauli,
1369 939 1442 997 abus

287 1036 386 1113 Cepboe,
410 1040 481 1100 alius
502 1039 645 1115 Apollinis
665 1040 796 1113 discipuli
816 1040 1008 1113 gloriarentur
1029 1058 1101 1101 esse.
1133 1042 1194 1101 Nec
1213 1043 1328 1101 interim
1350 1044 1440 1117 negli-

285 1161 344 1217 gens
358 1146 482 1219 papistos
497 1149 525 1203 et
540 1144 693 1205 monachos
709 1145 814 1204 diversi
829 1145 938 1206 ordinis
954 1151 984 1204 et
998 1148 1112 1221 similes,
1139 1148 1189 1221 qui
1209 1164 1267 1207 uon
1281 1150 1312 1205 in
1329 1147 1441 1209 Christo

285 1249 328 1307 sed
341 1248 390 1307 snb
404 1251 462 1309 suis
477 1252 607 1325 patronis
628 1257 703 1328 sunt,
740 1250 812 1310 Item
831 1258 934 1311 taxans
955 1269 990 1311 ex
1010 1254 1126 1327 nostris,
1151 1253 1200 1326 qui
1220 1252 1308 1313 verbo
1329 1258 1441 1313 tuntum

285 1359 309 1412 ιι
327 1359 452 1416 oretenus
475 1354 631 1416 Christiani
653 1362 727 1415 sunt.
766 1356 827 1417 Nee
847 1357 922 1416 enim
946 1355 1077 1416 sufficere
1097 1358 1151 1433 ait,
1176 1360 1241 1417 vitis
1262 1374 1375 1437 succum
1397 1366 1439 1421 at-

283 1460 400 1535 traxisse,
424 1461 474 1521 sed
489 1467 625 1537 oportere
640 1467 673 1521 ιιι
687 1455 758 1521 nvos
773 1466 802 1521 et
817 1463 915 1521 botros
938 1460 1071 1522 ieramus.
1104 1462 1161 1523 Sed
1180 1463 1256 1524 dices
1275 1463 1365 1524 forte:
1387 1465 1439 1537 Qui

282 1566 345 1624 scire
361 1583 488 1642 possum,
513 1568 630 1641 quando
652 1568 682 1626 iu
704 1566 818 1627 (ibristo
838 1565 988 1627 maneam?
1025 1567 1197 1645 Respondit:
1222 1568 1291 1628 Cum
1313 1571 1439 1645 spiritus,

282 1672 322 1743 qui
333 1673 413 1731 estin
426 1673 551 1746 bomine,
563 1675 644 1746 sciat,
654 1671 723 1747 quid
736 1674 774 1731 sit
786 1673 816 1732 in
829 1672 954 1746 bomine,
962 1672 1045 1733 facile
1057 1676 1215 1749 resciverit,
1225 1692 1293 1735 num
1306 1691 1342 1735 ex
1354 1676 1440 1735 corde

281 1774 342 1834 bene
355 1792 422 1851 erge
436 1777 583 1837 Christum
598 1776 716 1837 silemus
731 1778 778 1852 sis,
803 1794 841 1836 an
856 1794 947 1838 secus.
979 1779 1053 1851 Quia
1069 1786 1164 1841 autem
1184 1780 1292 1855 palmes
1313 1794 1370 1839 non
1385 1778 1442 1838 lert

280 1876 388 1940 ιιιιιιιιιιι
408 1888 493 1943 extra
513 1883 615 1957 vitem,
647 1882 816 1943 monendum
838 1884 891 1943 tibi
914 1886 944 1943 in
969 1882 1083 1944 Christo
1106 1891 1202 1945 estet
1225 1885 1271 1944 bic
1293 1885 1441 1958 rogandus

280 1992 327 2061 est,
347 1992 378 2046 ut
395 1990 481 2063 jnxta
502 1990 720 2063 promissionem
741 2004 822 2049 suam
844 1991 874 2047 in
896 1993 926 2047 ts
948 1994 1070 2047 maneat.
1110 1989 1149 2047 Et
1170 1985 1316 2064 praterea
1335 1990 1440 2049 multas

278 2094 404 2154 salutares
422 2109 587 2169 parreneses
609 2111 645 2154 ιιι
665 2095 719 2155 boc
737 2099 818 2154 textu
838 2094 866 2154 d.
887 2093 1036 2153 Musonius
1056 2092 1201 2169 produxit.
1233 2091 1290 2154 D'et
1309 2093 1439 2153 Christus

279 2199 408 2275 dominns,
431 2206 467 2259 ut
486 2202 516 2260 in
534 2216 569 2260 eo
588 2214 813 2275 permaneamus,
838 2206 868 2259 et
886 2201 949 2275 ipse
967 2183 999 2259 in
1017 2200 1101 2260 nobis
1121 2216 1236 2259 manere
1257 2200 1335 2273 velit,
1357 2201 1440 2273 Juxte

277 2304 419 2381 ipsiusmet,
445 2306 496 2379 qui
512 2306 574 2381 ipsa
589 2313 633 2366 est
653 2307 767 2381 veritas,
791 2307 1018 2381 promissionem.
1051 2306 1084 2364 ln
1106 2306 1349 2366 obsecrationibus
1364 2308 1440 2365 inter

277 2415 367 2470 cetera
387 2427 475 2472 orare
495 2428 547 2484 pro
568 2413 755 2488 imperatore,
779 2428 860 2485 rege,
889 2410 1060 2471 electoribus
1082 2414 1111 2469 et
1134 2411 1263 2470 omnibus
1286 2411 1438 2483 magistra·

276 2515 354 2591 tibus,
375 2523 408 2577 nt
430 2518 503 2578 deus
524 2517 639 2577 illorum
661 2520 771 2578 animos
790 2517 932 2578 instillare
954 2516 1122 2589 dignaretur
1146 2530 1301 2589 agnoscere
1323 2515 1380 2588 qut
1401 2516 1439 2572 sit

277 2618 423 2685 differentia
438 2626 518 2683 inter
531 2624 730 2697 megisurtum
744 2623 882 2683 turcicum
898 2627 928 2680 et
942 2620 1142 2695 christianum,
1163 2621 1257 2693 jussit.

348 2728 463 2789 Eadem
485 2730 599 2803 quidam
619 2734 697 2788 certe
718 2726 880 2789 affirmabat
900 2729 977 2786 intra
997 2726 1068 2786 duos
1091 2742 1202 2785 menses
1222 2728 1436 2787 comitia-abso·

277 2829 328 2892 luta
341 2830 409 2895 lore.
444 2835 504 2894 Sed
520 2850 610 2895 vanus
625 2835 671 2894 iric
685 2834 779 2894 extitit
794 2850 894 2909 augur.

352 2940 510 3016 Postquam
526 2940 726 3001 Atrebateusis
745 2956 763 3000 a
782 2942 905 3015 septima
924 2941 962 3000 ad
983 2945 1110 3000 octavam
1132 2956 1150 2999 a
1169 2939 1249 2998 nobis
1272 2943 1437 3013 expectatus

275 3050 346 3120 esset,
368 3048 488 3107 tandem
504 3048 557 3107 boc
573 3045 653 3106 dedit
671 3048 810 3120 responsi,
835 3062 866 3103 se
887 3044 1013 3105 noudum
1032 3046 1122 3105 nostri
1143 3045 1271 3119 potuisse
1291 3043 1365 3119 apud
1385 3045 1436 3103 im·

275 3158 426 3222 peratorem
451 3154 622 3213 mentionem
644 3148 748 3211 facere.
788 3151 917 3225 Rogatus
941 3156 973 3209 ut
997 3150 1042 3209 vei
1064 3149 1158 3209 adbuc
1180 3148 1301 3223 iaceret,
1325 3148 1436 3223 lacum,

274 3256 322 3330 ait,
343 3258 395 3318 sed
415 3264 534 3333 oportet
556 3273 606 3318 ros
629 3263 781 3331 expectare
803 3262 914 3330 tempus
938 3254 1026 3315 adid
1050 3255 1234 3315 commodum.
1278 3254 1387 3315 Aderat
1410 3260 1438 3313 et

275 3358 426 3425 llulvenda.

351 3468 484 3529 biarchio
506 3469 613 3529 elector
635 3468 915 3542 brandenburgensis
939 3473 968 3526 et
990 3481 1062 3526 uxor
1083 3468 1158 3541 ejus,
1188 3481 1281 3524 comes
1310 3464 1437 3523 loannes

274 3570 440 3634 aWoldeck
454 3575 711 3648 etScbombergius
727 3575 955 3648 protospatarius
971 3572 1093 3632 Caesaris
1108 3572 1186 3647 apud
1201 3572 1343 3631 dominam
1360 3570 1437 3644 prin·

274 3678 354 3751 ripen
374 3681 490 3741 Hassiae
512 3682 609 3753 pransi
629 3684 704 3738 sunt.
736 3678 761 3735 A
782 3678 904 3752 prandio
924 3669 1031 3738 elector
1051 3694 1170 3738 uxorem
1191 3692 1271 3736 suam
1293 3681 1322 3734 et
1341 3674 1435 3735 landt-

273 3786 389 3855 gravium
414 3789 446 3845 in
468 3785 572 3844 'hortos
594 3785 731 3845 Herbroti
756 3789 906 3843 seruatum
929 3786 1024 3856 duxit,
1055 3784 1103 3843 ubi
1125 3783 1268 3843 dominam
1291 3779 1436 3855 landtgra-

274 3888 339 3949 viam
352 3897 382 3951 et
396 3891 453 3965 ipsi
467 3889 584 3951 allocuti
599 3906 709 3963 sumus,
734 3904 797 3949 earn
811 3889 850 3949 ad
864 3888 1020 3964 hospitium
1042 3890 1186 3949 ducentes.

351 3998 450 4058 Allata
470 4003 514 4057 est
530 3995 616 4071 tama
639 3997 669 4055 in
684 3994 905 4055 Noviomarchia
924 3996 995 4055 urbe
1015 3994 1140 4054 Palatini
1160 3970 1291 4053 electoris
1311 3992 1437 4053 interdiu

274 4099 342 4162 claro
358 4104 419 4178 jnm
440 4103 500 4163 sole
519 4103 655 4178 templum
675 4099 784 4162 lacibus
804 4100 971 4160 ardentibus
991 4100 1118 4174 undique
1138 4100 1322 4173 completum,
1346 4100 1387 4158 ite
1406 4103 1438 4157 ut

273 4205 425 4270 bominibus
446 4210 477 4269 in
495 4206 560 4268 loro
579 4207 827 4267 deambulantibus
842 4208 974 4281 proximo
993 4209 1083 4266 visum
1099 4207 1136 4265 sit
1156 4208 1233 4264 intus
1249 4202 1435 4276 conflagrare,

274 4318 299 4370 ιι
315 4319 411 4376 neseio
431 4318 479 4391 qui
499 4316 637 4375 tumultus
656 4316 734 4373 intra
753 4314 889 4389 templum
910 4313 1000 4373 auditi
1019 4316 1085 4371 sint.
1125 4310 1213 4370 Omen
1235 4307 1313 4367 haud
1336 4306 1435 4377 dubie3

273 4420 335 4489 quid
352 4428 448 4483 eutem
467 4424 631 4497 portendat,
655 4424 735 4483 novit
750 4419 889 4492 dominus,
913 4421 963 4492 qui
976 4418 1119 4493 propitius
1138 4419 1240 4477 ennete
1260 4410 1334 4470 maia
1355 4426 1435 4470 avor-

272 4529 319 4583 iti.
347 4528 454 4588 Relatu
469 4528 589 4589 Adriani
604 4544 621 4587 a
638 4528 757 4587 Zertzen
774 4531 803 4585 et
817 4523 1025 4584 Eicbstateusis
1041 4520 1176 4595 episcopi.

352 4632 484 4693 Marcbio
508 4634 615 4694 elector
638 4630 916 4704 brandenburgensis
937 4630 1012 4703 apud
1033 4640 1187 4687 cesaream
1208 4627 1385 4697 majestatem
1407 4632 1437 4681 se

272 4750 320 4805 pro
334 4736 527 4799 Wuldecianis
541 4740 691 4799 comitibus
705 4740 926 4796 intercessurum
941 4735 1083 4811 pollicitus
1099 4738 1150 4791 est.

353 4844 499 4906 Adrianus
519 4846 673 4906 aZertzen
693 4859 757 4903 enm
777 4842 949 4903 Coloniense
962 4835 1078 4900 Eubuli·
1090 4852 1158 4913 ergo
1180 4838 1273 4912 egisse
1292 4834 1435 4909 gloriaba-
