3700 5692
847 716 906 787 'rt

290 902 411 964 nem'in
430 903 520 963 coelos
538 900 576 961 ud
594 902 634 961 'te
654 900 748 962 mum
771 908 885 977 patrem
903 910 934 965 et
954 904 1047 967 Mum
1067 908 1161 968 vivum
1183 910 1387 985 deprecamur,
1412 911 1462 985 qui

288 1015 385 1070 tecum
400 1010 471 1070 vivit
484 1013 515 1069 et
527 1014 634 1083 regnat
645 1024 710 1067 cum
724 1015 824 1070 mnas
838 1011 943 1083 spiritu
958 1011 988 1071 in
1003 1020 1182 1089 perpetuum.
1205 1015 1309 1077 Amen.

380 1116 448 1174 Nou
461 1120 580 1187 statues,
605 1107 728 1189 domme,
743 1115 906 1176 domesticis
928 1120 1034 1177 nostris
1057 1120 1087 1179 in
1101 1126 1250 1195 peccatum
1263 1122 1460 1197 ingnorantias

286 1222 449 1295 juventutis
464 1236 524 1280 sua
538 1225 570 1281 et
582 1226 681 1292 auerte
695 1222 733 1282 ab
747 1224 803 1297 eis,
829 1237 847 1280 o
862 1221 985 1297 domiue,
1007 1240 1025 1283 a
1039 1230 1068 1283 ts
1084 1241 1142 1285 non
1156 1225 1311 1286 immitem
1324 1242 1460 1301 pavorem

289 1332 320 1386 et
335 1332 539 1402 contemptum,
555 1332 585 1385 et
599 1342 738 1388 consuta
751 1320 807 1387 tihi
821 1343 893 1401 quos
907 1328 1031 1390 redemit
1047 1336 1077 1391 et
1091 1346 1144 1405 pro
1160 1332 1262 1405 quihus
1277 1332 1371 1393 oravit
1384 1329 1459 1390 lilius

288 1440 369 1507 tuus,
392 1438 427 1492 ut
447 1434 605 1509 persistant
625 1435 657 1491 in
675 1433 779 1493 timore
793 1437 824 1493 et
835 1434 959 1494 verimte
974 1440 1033 1496 tua.
1071 1435 1117 1495 Da
1131 1452 1168 1495 ne
1188 1438 1398 1513 retrospiciunt,
1422 1453 1459 1497 ne

287 1545 461 1599 moveantur
487 1538 673 1598 multitudiue·
691 1538 889 1612 repedandum
915 1540 947 1599 in
969 1538 1132 1615 Aegyptum
1153 1547 1183 1602 et
1201 1544 1406 1617 venerantium,
1430 1550 1459 1603 te

287 1643 437 1719 derelicto,
453 1645 649 1718 potentiorum
663 1659 771 1704 auram.
811 1644 866 1716 Qui
879 1649 963 1718 pater
978 1662 1009 1705 es
1024 1646 1081 1705 tuis
1096 1646 1223 1721 provide,
1241 1650 1309 1721 quia
1323 1648 1403 1707 Deus
1418 1665 1457 1722 es,

288 1751 330 1809 eis
344 1750 504 1810 honitatem
517 1756 597 1809 tuam
611 1748 739 1825 ostende,
756 1750 823 1822 quia
836 1755 939 1823 potens
954 1766 994 1825 es,
1011 1752 1142 1813 musicos
1158 1760 1293 1814 convene
1308 1760 1338 1814 et
1352 1770 1405 1815 nos
1416 1753 1458 1814 de

287 1854 434 1915 hiantibus
449 1853 578 1915 annuus
593 1863 693 1914 eorum
707 1858 842 1929 potenter
857 1856 946 1929 eripe.
969 1856 1070 1916 Amen.
1374 1933 1378 1941 Ι

377 1960 425 2019 Ad
443 1962 592 2036 septimam
616 1959 869 2020 antemeridianam
889 1961 999 2019 οιιιίιιιιι
1023 1960 1183 2021 archidncis
1204 1964 1394 2023 Maximiliani
1412 1965 1456 2023 iu·
1536 1998 1538 2005 ·

286 2071 409 2141 trenaee,
423 2067 491 2127 licet
505 2065 644 2126 archidux
657 2064 753 2125 adhuc
765 2065 839 2125 lecto
855 2064 1044 2127 decumberet.
1078 2066 1268 2143 Progrediens
1285 2069 1315 2127 in
1326 2068 1457 2143 superius

287 2172 394 2231 atrium
409 2171 547 2248 wendit,
562 2151 677 2232 missam
692 2170 738 2248 (ut
751 2168 862 2246 dicunt)
877 2172 970 2233 aulico
984 2188 1063 2233 more
1077 2174 1206 2235 uadens.
1235 2176 1298 2248 Qua
1311 2170 1393 2252 linita
1408 2188 1453 2232 re·

287 2278 424 2339 denotem
443 2279 480 2339 ad
499 2277 658 2337 cubiculum
680 2275 773 2336 buter
793 2282 892 2338 noster
906 2279 1034 2340 loannes
1054 2297 1117 2341 cum
1131 2282 1229 2355 paucis
1250 2278 1391 2351 convenit,
1407 2292 1455 2337 ro·

287 2400 359 2458 gaus
373 2389 408 2443 ut
421 2400 474 2445 sua
488 2383 622 2457 majesas
637 2369 667 2442 et
679 2398 732 2443 nos
743 2370 897 2444 etecusam
910 2390 1039 2445 nostram
1054 2385 1108 2445 sibi
1124 2387 1335 2446 commendatos
1350 2386 1456 2444 hebere

288 2485 465 2564 dignaretur.
505 2490 585 2549 Idem
600 2505 714 2564 quoque
728 2490 859 2550 Eubulus
872 2495 1015 2565 precatus,
1041 2497 1155 2552 tacente
1178 2492 1294 2551 interim
1313 2489 1454 2563 Philippo.

286 2589 435 2654 archidux
448 2596 574 2669 singulos
589 2600 662 2655 nutu
681 2596 783 2669 capitis
798 2596 927 2656 salutm
947 2596 1108 2672 respoudit:
1130 2598 1257 2669 Faciam,
1282 2592 1456 2659 imolaciam

285 2700 480 2760 hbentissime.
503 2700 781 2760 Est'hlaximilianus
797 2702 937 2763 archidux
954 2702 1120 2763 adolescens
1134 2701 1226 2763 forma
1241 2718 1300 2763 non
1311 2699 1454 2773 illiberali,

285 2807 461 2881 proceritate
476 2808 604 2881 corporis
615 2808 708 2882 justa,
724 2808 755 2866 in
778 2805 890 2867 ellando
908 2806 1114 2869 humanitatem
1133 2810 1291 2884 principem
1309 2807 1456 2867 decentem

285 2928 346 2997 prae
360 2928 393 2971 se
405 2900 511 2971 ferens.
549 2911 663 2971 Dicitur
671 2896 747 2986 'erga
769 2898 907 2987 pietatem
922 2918 952 2972 et
967 2912 1150 2973 Germaniam
1166 2932 1223 2975 non
1238 2914 1311 2974 male
1327 2911 1454 2973 affectus.

285 3018 340 3090 Qui
353 3018 445 3078 corda
458 3034 558 3091 regum
572 3020 604 3077 in
617 3034 704 3078 manu
718 3034 771 3079 sua
783 3018 884 3093 hebet,
903 3018 947 3077 illi
961 3008 1118 3081 concedere
1132 3018 1275 3095 dignetur,
1291 3025 1324 3078 ut
1338 3018 1454 3092 optima,

237 3181 241 3190 ,
285 3140 349 3198 quae
364 3140 424 3184 non
438 3140 530 3199 pauca
545 3131 655 3184 naturae
669 3123 746 3183 dona
759 3122 857 3198 habet,
873 3123 911 3183 ad
925 3123 981 3184 Dei
996 3126 1125 3199 gloriam
1147 3124 1324 3186 subditorum
1338 3138 1457 3183 suorum

284 3227 442 3302 proiectum
458 3230 603 3290 stenima
618 3245 678 3289 sua
693 3229 831 3302 salutem,
856 3228 965 3289 abactis
987 3228 1190 3291 susurronibus
1206 3234 1235 3289 et
1249 3229 1453 3300 adulatoribus,

283 3338 393 3394 utatur.
420 3347 423 3355 '

371 3439 537 3500 Fridericns
561 3456 674 3515 qnoque
696 3456 790 3502 comes
815 3432 1044 3514 aFurstenberg
1065 3438 1170 3498 ibidem
1194 3438 1303 3511 aderat,
1327 3434 1380 3493 sed
1401 3448 1454 3493 nos

282 3544 415 3605 arridens
429 3530 666 3607 tere'sardonico'
676 3548 737 3605 risu
753 3546 820 3605 nihil
836 3530 978 3620 preterea
994 3530 1180 3605 'salutationis
1195 3545 1240 3603 vel
1255 3540 1386 3603 amicitia
1401 3554 1452 3599 no-

282 3650 326 3709 bis
342 3650 491 3722 exhibens,
507 3667 566 3711 non
581 3652 709 3725 cogitans
724 3666 788 3711 esse
801 3665 899 3711 rerum
913 3651 1000 3710 vices.

253 3807 256 3815 .
370 3756 482 3817 Eadem
498 3757 617 3817 vidimus
631 3758 773 3817 loannem
787 3756 940 3817 Rudelium
959 3755 1083 3836 Lubecae
1097 3755 1220 3814 civitatis
1235 3750 1392 3826 syndicum.

370 3862 564 3937 Posteaquam
578 3863 616 3923 ab
631 3861 784 3923 archiduce
798 3876 942 3923 secessum
957 3866 1009 3934 est,
1020 3859 1240 3921 Atrebatensem
1255 3873 1369 3932 quoqne
1383 3870 1450 3915 cons

282 3969 381 4027 venire
396 3972 597 4027 statueramus.
620 3967 727 4027 Verum
741 3968 894 4027 comiliarii
913 3967 1076 4043 imperiales
1096 3963 1156 4025 lere
1172 3980 1270 4024 omnes
1285 3961 1363 4039 apud
1377 3963 1452 4022 hunc

282 4078 377 4133 crant
399 4072 636 4132 Adocuti‘sumus
651 4063 846 4147 secretarium,
862 4072 927 4132 atis
938 4071 1189 4133 anteambulonem
1202 4070 1359 4131 aulicorum
1374 4084 1452 4127 more

282 4179 364 4240 nobis
378 4175 488 4238 fumum
502 4176 640 4238 vendidit.
672 4178 790 4253 Egimus
804 4182 901 4237 tamen
915 4192 978 4237 cnm
990 4177 1142 4239 Leousrdo
1158 4178 1291 4251 episcopo
1306 4190 1324 4233 a
1339 4174 1452 4232 cumcu-

280 4283 323 4358 lis,
339 4288 375 4344 nt
389 4285 415 4343 is
431 4283 509 4357 apud
522 4284 624 4343 herum
639 4298 723 4342 suum
737 4284 829 4344 nostri
837 4284 1010 4343 mentionem
1024 4283 1152 4345 haberet.
1176 4279 1305 4341 Vidimus
1312 4278 1359 4338 ibi
1366 4274 1451 4337 Acal-

281 4388 346 4451 <lam
361 4388 513 4449 timearis*

369 4493 512 4556 maanus
531 4508 652 4553 camera
673 4494 787 4555 concilii
807 4495 964 4569 imperialis
978 4494 1126 4555 nobiscum
1139 4504 1261 4566 pransus
1275 4495 1328 4549 est.
1349 4482 1452 4548 ‘Hunc

279 4597 431 4661 'instituere
447 4601 536 4661 habet
550 4615 659 4675 prasos
674 4600 796 4674 concidi,
812 4602 860 4674 qui
874 4602 958 4661 modo
973 4586 1111 4661 archidux
1126 4604 1200 4658 erat.

368 4702 396 4765 Α
417 4705 539 4782 prandio
560 4704 705 4765 Adrianus
723 4720 742 4763 a
761 4705 881 4765 Zertzen
902 4708 982 4767 venit
998 4684 1096 4764 seclum
1119 4704 1263 4764 adducens
1285 4699 1451 4776 prefectum

282 4805 317 4873 de
329 4811 435 4873 lhthh
445 4813 530 4889 juxta
544 4808 683 4884 Bonnam,
707 4810 757 4883 qui
770 4814 799 4871 et
816 4812 880 4887 ipse
893 4809 983 4871 dham
997 4810 1084 4870 hahet
1103 4814 1228 4884 sahapa
1248 4806 1284 4868 de
1303 4804 1450 4881 Fridhurg
