3700 5692
946 777 1008 841 lso

383 954 521 1017 -audisset
535 957 571 1016 ab
585 956 702 1029 angelo:
725 954 832 1039 Gratia
843 956 961 1029 spiritus
981 972 1003 1014 s.
1025 955 1206 1017 obumbrabit
1225 914 1317 1032 m
1336 961 1412 1033 quod
1431 969 1557 1027 nascetur

393 1079 429 1121 ex
443 1069 473 1122 te
488 1066 617 1121 sanctum
638 1058 713 1118 filim
733 1059 789 1118 Dei
809 1060 959 1119 vocabitur
979 1068 1033 1120 cte.
1071 1062 1138 1121 Non
1158 1078 1224 1119 mox
1245 1065 1308 1137 ipsa
1328 1066 1478 1139 superbior
1498 1068 1557 1127 red·

392 1165 454 1225 dita
475 1171 529 1239 est,
550 1164 602 1224 sed
623 1145 658 1223 se¹
674 1165 843 1223 submittens
864 1166 917 1223 ait:
941 1165 1017 1224 Ecce
1038 1166 1143 1225 ancilla
1161 1168 1269 1227 domini
1291 1174 1360 1245 ota,
1383 1188 1448 1229 cum
1469 1176 1557 1231 tamen

392 1270 465 1329 nibil
478 1269 654 1328 dubitaverit
667 1287 698 1328 se
712 1268 837 1329 futuram
851 1274 971 1329 mamam
987 1270 1057 1329 Jesu
1077 1270 1196 1339 Christi.
1230 1272 1302 1329 Item
1323 1250 1483 1348 exemplu-m
1496 1274 1558 1333 Abi·

390 1373 460 1447 guil,
483 1390 514 1431 se
529 1391 587 1432 nou
601 1359 762 1434 extollentis
778 1389 842 1431 curu
856 1377 970 1432 mortuo
990 1390 1042 1433 ouo
1061 1376 1164 1434 marito
1179 1376 1274 1435 Nabal
1293 1378 1439 1437 aDavide
1453 1380 1483 1437 in
1497 1396 1558 1437 cun·

391 1482 498 1537 sortem
516 1478 601 1551 regni
619 1483 829 1551 accerseretur,
853 1478 905 1535 sed
924 1477 1074 1537 humiliata
1093 1480 1147 1537 ait:
1175 1480 1249 1539 Ecce
1271 1482 1308 1539 sit
1328 1483 1433 1539 ancilla
1454 1488 1504 1541 tua
1521 1482 1558 1541 la·

391 1583 470 1641 mula
482 1587 517 1639 ut
529 1582 607 1640 lavet
620 1581 709 1654 pedes
723 1597 871 1640 servorum
886 1582 993 1639 dommi
1007 1583 1062 1640 mai
1077 1588 1130 1641 etc.
1151 1588 1164 1641 l
1184 1584 1322 1643 Samuelis
1340 1588 1390 1643 25.

481 1685 631 1744 Liberium
645 1692 714 1745 ante
727 1687 876 1745 meridiem
891 1701 950 1744 non
964 1687 1095 1745 vidimus.
1120 1687 1246 1759 Quaestio
1262 1689 1298 1747 de
1312 1690 1480 1761 equalitate
1494 1706 1560 1749 com-

395 1792 564 1865 putationis.

480 1896 591 1955 Eadem
605 1896 678 1955 hora
691 1898 778 1956 tortia
792 1896 991 1971 pomeridiana
1004 1895 1136 1955 dominus
1150 1896 1169 1955 J
1171 1913 1278 1955 oannes
1294 1896 1440 1956 Hearicus
1455 1898 1485 1957 in
1499 1904 1561 1957 tom·

392 2001 442 2073 plo
456 2000 585 2059 Mauritii
606 2017 643 2059 ex
662 2018 725 2075 cap.
752 2006 792 2061 14
811 2002 938 2075 epistola
958 2002 997 2059 ad
1011 2002 1154 2059 Romanos
1176 2001 1212 2059 de
1229 2001 1341 2061 delectu
1357 2002 1487 2061 ciborum
1501 2021 1561 2062 eou-

395 2106 526 2164 cionatus
542 2111 595 2179 est,
619 2106 773 2165 ostendens
789 2107 936 2165 ecclesiam
951 2104 1109 2163 Romanam
1129 2120 1165 2161 ex
1184 2104 1292 2163 ludaeis
1312 2111 1342 2164 ct
1363 2106 1499 2179 gentibus
1513 2108 1562 2165 ool-

391 2209 496 2269 lectam
514 2210 545 2267 in
560 2211 682 2269 uniordo
697 2211 734 2269 de
745 2209 951 2284 justificatione
966 2208 1134 2267 concordem
1149 2206 1245 2280 fluisse,
1269 2211 1310 2267 ita
1325 2216 1357 2267 ut
1371 2226 1462 2269 uuam
1476 2209 1561 2283 fidem,

392 2330 482 2372 unum
496 2314 638 2387 baptisma
659 2321 690 2373 et
708 2332 797 2373 unum
817 2316 911 2373 Deum
931 2319 1042 2388 patrem
1064 2313 1169 2371 domini
1189 2314 1281 2371 nostri
1301 2314 1372 2375 lesu
1396 2313 1502 2372 Christi
1517 2316 1561 2371 ha-

392 2417 504 2492 berent,
527 2419 557 2477 in
567 2418 734 2493 adiaphoris
748 2423 844 2477 autern
858 2418 933 2476 iuter·
948 2419 1026 2491 ipsus
1042 2420 1168 2475 coortam
1183 2419 1398 2475 contentionem
1415 2424 1470 2477 eto.
1486 2435 1563 2492 qnam

394 2522 423 2580 d.
439 2522 546 2581 Paulus
561 2524 602 2581 ita
616 2524 784 2597 composuit,
807 2530 840 2581 ut
859 2540 948 2596 supra
967 2518 1106 2595 ejusmodi
1125 2537 1184 2579 non
1204 2522 1431 2581 concertandum
1445 2524 1561 2583 doceret.

392 2626 500 2687 Docuit
520 2628 617 2699 itaque
640 2644 725 2699 quam
747 2628 834 2687 noxia
854 2644 902 2686 res
925 2626 963 2685 sit
985 2625 1021 2685 de
1043 2627 1079 2683 iis
1099 2625 1186 2683 rebus
1208 2625 1378 2699 disceptare,
1407 2644 1473 2699 quaa
1486 2626 1562 2687 fidem

392 2730 439 2789 vel
452 2747 555 2803 parum
569 2732 616 2790 rel
630 2732 701 2789 nihil
714 2736 896 2791 concernunt.
928 2732 999 2790 Cum
1015 2731 1140 2802 domino,
1158 2732 1238 2802 cujus
1254 2746 1352 2789 omnes
1369 2733 1449 2789 servi
1465 2748 1561 2803 sumus,

392 2839 424 2893 et
443 2840 511 2893 ante
533 2830 613 2909 cujus
634 2837 761 2895 tribunal
780 2853 877 2895 ornnes
902 2840 1075 2908 statuemur,
1099 2834 1162 2893 haec
1184 2834 1368 2907 dijudicanda
1390 2842 1470 2895 sunt.
1508 2836 1563 2894 Nec

390 2938 520 3014 obticuit,
544 2940 686 3011 quomodo
705 2940 740 3014 ii,
764 2941 813 3012 qui
831 2940 993 2999 libertatem
1014 2939 1155 3012 evangelii
1175 2938 1230 2995 hoc
1249 2955 1311 2998 aevo
1331 2956 1390 2999 nou
1413 2958 1561 3015 aspernan-

392 3049 449 3116 tur,
472 3045 510 3103 ab
529 3044 754 3103 adversariis‘et
774 3050 992 3103 contemnantur
1013 3048 1231 3103 attractentur.
1268 3045 1341 3101 Item
1361 3046 1444 3117 quod
1459 3047 1497 3120 bi,
1520 3046 1562 3117 qui
1644 3122 1645 3133 ἵ

391 3148 541 3221 evangelio
556 3165 609 3207 sua
622 3149 737 3208 nomina
751 3149 864 3207 dedisse
882 3149 974 3208 videri
994 3148 1102 3222 volunt,
1127 3155 1210 3207 nocta
1230 3147 1336 3220 diuque
1355 3149 1562 3209 comessationi·
1644 3210 1645 3221 ,

391 3252 445 3311 bus
466 3252 592 3326 inhiant,
615 3254 687 3311 nihil
708 3253 848 3313 donorum
866 3254 925 3313 Dei
941 3268 1004 3311 cum
1024 3253 1181 3325 gratiarum
1201 3253 1314 3312 actione
1335 3261 1494 3327 sumentes,
1517 3253 1561 3312 ad·

389 3356 498 3416 ducens
513 3358 672 3431 exemplum
694 3357 789 3417 divitis
809 3358 976 3432 evangelici,
1000 3358 1048 3429 qui
1070 3356 1196 3429 quotidie
1217 3356 1365 3430 splendide
1387 3360 1560 3432 epulabatur.

390 3460 464 3519 Item
480 3462 585 3535 jubens
597 3478 681 3521 orare
696 3462 799 3536 Deum,
822 3466 855 3522 nt
875 3462 951 3521 dona
966 3477 1019 3519 sua
1034 3476 1097 3520 cum
1117 3462 1274 3534 gratiarum
1294 3463 1414 3521 actione*
1425 3465 1562 3535 suscipere

391 3570 422 3624 et
444 3567 479 3625 iis
498 3564 557 3625 frui
576 3567 614 3626 ad
634 3572 761 3627 nostram
781 3568 980 3625 necessitatem
1000 3570 1029 3624 et
1048 3566 1170 3625 nominis
1191 3566 1252 3637 ejus
1267 3567 1390 3639 gloriam
1409 3568 1509 3641 largiri
1524 3566 1560 3625 di·
1644 3548 1645 3557 ἵ

392 3675 509 3744 gnetnr,
532 3670 619 3744 idque
633 3688 686 3744 per
702 3670 846 3729 Christum
861 3670 1005 3729 domiuum
1020 3676 1159 3729 nostrum.
1189 3670 1291 3729 Amen.

480 3776 614 3835 Liborins
630 3792 694 3833 cum
707 3775 881 3834 Hoxeriauis
896 3791 1019 3846 pransus
1034 3780 1086 3833 est.
1227 3842 1230 3853 ι

481 3878 581 3937 Comes
596 3880 765 3938 Wilhalmus
779 3896 880 3937 musas
894 3879 1065 3953 Velbargam
1081 3878 1202 3939 abierat.
1644 3944 1645 3959 ,

481 3983 545 4041 Hoc
559 3983 606 4041 die
620 3984 651 4040 iu
669 3999 757 4041 causa
775 3990 875 4043 nostra
894 3982 1078 4043 desidendum
1099 3991 1171 4043 erat.
1207 3984 1330 4045 Reddidi
1350 3986 1472 4045 Liborio
1487 3990 1560 4043 notu-

391 4085 685 4160 lamcapitulntionis,
707 4093 740 4146 ut
755 4104 819 4145 cum
833 4105 869 4146 ea
883 4088 1000 4147 Seldum
1014 4094 1168 4161 repeteret.
1371 4166 1374 4169 Ι
1644 4072 1645 4079 ¹

479 4188 590 4247 Eadem
605 4198 735 4250 coenatus
750 4196 794 4250 est
808 4194 955 4251 nobiscum
969 4193 1111 4251 Henricus
1127 4194 1218 4253 bloiss
1239 4198 1269 4253 et
1287 4195 1306 4253 J
1308 4195 1456 4253 oachimus
1476 4192 1558 4271 Hacls

389 4294 472 4358 luter
485 4296 655 4354 coeuaudum
670 4297 812 4355 Hearicus
828 4298 864 4356 ab
879 4295 1011 4355 Etzdorff
1029 4315 1047 4355 a
1066 4313 1150 4355 socru
1171 4304 1200 4356 et
1218 4314 1318 4357 sorore
1338 4299 1443 4356 missus
1457 4300 1559 4378 litteras

391 4415 506 4471 quoque
521 4400 558 4457 ab
573 4401 680 4459 eisdem
695 4400 837 4459 deferens.
876 4400 1065 4461 Etzdorffimu
1080 4402 1208 4461 loannes
1227 4402 1318 4461 frater
1338 4408 1437 4462 noster
1452 4404 1482 4461 iu
1496 4402 1558 4459 For·

391 4502 501 4561 chemin
516 4505 675 4578 invenerat,
699 4507 793 4578 quiet
808 4506 950 4579 perhanc
966 4505 1048 4564 nobis
1063 4509 1221 4581 rescripsit.
1463 4582 1468 4589 λ

473 4607 629 4677 ιΘοιιιηὶᾱιιε
644 4627 663 4668 a
677 4608 836 4669 Schoustad
847 4611 932 4683 J'uxta
946 4610 1115 4685 Harlingam
1130 4613 1256 4694 Henrico
1273 4611 1449 4671 obviaverat.

479 4713 508 4784 xj
524 4713 603 4771 Junii
619 4713 789 4773 dloannes
803 4715 945 4773 Hemicus
961 4732 997 4773 ex
1012 4732 1074 4791 cap.
1095 4721 1134 4775 14
1149 4717 1187 4777 ad
1202 4718 1347 4776 Romanos
1367 4718 1443 4775 hunc
1457 4718 1557 4779 textum

390 4813 475 4889 legit:
502 4817 625 4876 «Nullus
645 4819 720 4877 euim
740 4824 870 4881 nostram
892 4819 947 4879 sibi
968 4820 1023 4896 ipsi
1044 4821 1113 4881 vivit
1133 4826 1162 4881 ot
1181 4822 1275 4881 nullus
1295 4823 1348 4882 sibi
1363 4822 1420 4895 ipsi
1434 4820 1555 4885 moritur.
