3700 5692
347 913 419 974 steri
438 911 635 988 eoimsriensis
654 907 798 984 morethi,
822 904 965 982 quomodo
985 904 1122 982 phrenesi
1142 911 1293 984 correptus
1312 923 1365 985 per
1384 909 1447 971 dies
1463 908 1522 969 uii-

348 1024 419 1095 quot
434 1014 606 1079 voeiierotus
621 1015 674 1075 sit:
695 1015 856 1075 Damnatus
870 1029 943 1088 sum,
965 1009 1079 1088 perdito
1094 1011 1189 1087 docui,
1210 1015 1353 1089 amngnis
1366 1030 1523 1091 persuasus

349 1141 421 1185 sum.
450 1123 491 1183 Et
510 1131 674 1197 quenquam
693 1137 746 1197 per
765 1117 914 1208 syndicum
928 1117 1144 1178 eolmariensem
1158 1116 1321 1178 admonitus
1336 1119 1383 1195 sit,
1405 1135 1437 1180 se
1451 1120 1525 1181 nihil

347 1245 500 1306 perperam
515 1228 655 1303 docuisse,
679 1232 775 1287 temen
793 1225 849 1286 sibi
868 1224 943 1284 male
965 1225 1095 1284 eonseins
1110 1222 1220 1283 unbem
1235 1224 1459 1287 oonselstionem
1473 1224 1524 1286 sd·

346 1334 477 1409 mittens,
500 1332 617 1394 undem
630 1332 673 1391 sio
686 1328 870 1392 vociferando
885 1329 1011 1389 enimam
1026 1328 1180 1390 exhalarit.

435 1437 483 1498 nb
503 1437 604 1498 eodem
622 1438 691 1499 Vito
710 1434 807 1510 noim,
829 1434 981 1495 Brentinm
999 1449 1100 1494 rursus
1122 1433 1207 1496 Helm
1226 1436 1399 1512 commoneri,
1423 1453 1525 1498 rernm

347 1560 412 1604 oum
425 1544 463 1605 eb
477 1544 562 1604 Ibero
582 1544 678 1618 abque
698 1541 812 1618 pubiioe
832 1541 863 1600 in
882 1541 990 1616 templo
1011 1540 1110 1614 sibilis,
1135 1540 1282 1601 cachinnis
1294 1547 1331 1602 -et
1349 1542 1447 1603 neseio
1462 1545 1525 1618 qui-

348 1649 403 1709 bus
422 1649 538 1709 ronchis
557 1640 771 1724 molestaretur,
795 1646 943 1725 paululum
962 1661 1014 1708 suo
1036 1644 1130 1707 officio
1146 1647 1318 1722 supersedit.
1352 1647 1447 1724 Nune,
1471 1648 1525 1710 sed

347 1754 519 1833 prohdolor
533 1759 566 1816 nt
579 1770 627 1814 res
641 1753 706 1831 ipsa
720 1752 827 1829 doouit,
850 1752 939 1813 breve
953 1757 1067 1828 tempus
1081 1749 1134 1812 sno
1148 1751 1284 1826 iungetur
1298 1767 1426 1814 munere.

436 1858 608 1936 Aoeepimns
623 1874 737 1935 qnoque
750 1857 841 1919 tilium
856 1856 976 1933 Georgii
988 1857 1120 1934 bibione,
1143 1858 1193 1931 qni
1211 1856 1306 1918 rabidi
1326 1857 1406 1918 cenis
1427 1873 1525 1920 morsu

348 1967 485 2044 perierat,
508 1982 568 2026 non
581 1963 671 2025 fuisse
685 1980 760 2041 eum,
782 1980 868 2041 quem
881 1962 1050 2024 Ratisbonae
1064 1962 1196 2038 uidimus.
1227 1961 1366 2039 Tandem,
1390 1979 1428 2024 ne
1447 1965 1525 2026 bono

349 2073 412 2133 viro
427 2073 511 2132 nimis
525 2070 638 2133 molesti
652 2087 787 2146 essemus,
809 2071 853 2132 illi
867 2068 1065 2143 raleinimes,
1081 2069 1158 2130 bona
1172 2069 1290 2144 insuper
1304 2069 1387 2130 nobie
1400 2070 1526 2132 inrieenr

348 2183 511 2255 precantes.
541 2178 669 2239 Donavit
686 2191 755 2239 vero
774 2193 829 2237 nos
850 2174 982 2236 dominns
1001 2172 1172 2235 Theodorus
1192 2176 1330 2250 psalterio
1349 2177 1524 2253 germanion

349 2283 427 2360 quod
440 2285 504 2360 ipse
517 2299 580 2344 enm
596 2285 655 2344 suis
669 2283 831 2345 summariis
845 2281 949 2344 exendi
962 2284 1123 2355 enrsrerat,
1139 2296 1173 2340 ee
1186 2296 1291 2342 nomen
1304 2283 1425 2358 propria
1437 2299 1526 2344 menn

349 2390 493 2468 ascripsit.

439 2494 499 2564 sub
517 2509 630 2556 omnum
648 2495 733 2557 Vites
750 2509 804 2571 per
816 2491 936 2553 filiolam
950 2507 1031 2554 suum
1045 2492 1262 2568 Morgsretbum
1275 2491 1414 2554 frutribus
1429 2498 1460 2554 et
1474 2510 1525 2555 no-

350 2600 414 2678 poti
426 2615 462 2660 ae
475 2601 561 2661 uxori
580 2604 687 2661 nostre
707 2599 827 2674 singuiis
846 2597 1015 2675 psalterium
1035 2613 1099 2658 oum
1119 2598 1178 2658 suis
1198 2599 1359 2659 summerib
1378 2598 1456 2661 dono
1475 2599 1525 2661 de·

352 2705 405 2781 (iit,
428 2702 575 2765 Eubulum
593 2710 691 2766 eutem
708 2704 783 2765 iibro
801 2703 971 2764 eonoionum
989 2718 1121 2778 suerum,
1145 2704 1191 2763 eui
1209 2704 1324 2766 titulum
1339 2704 1386 2766 die
1400 2705 1528 2767 Kinder-

351 2809 481 2890 predigt,
504 2809 609 2872 donori
630 2808 700 2872 feeit
721 2814 753 2871 et
775 2807 953 2884 expositione
975 2823 1029 2870 sue
1054 2809 1086 2869 in
1106 2809 1224 2870 Eseinm
1246 2811 1417 2886 prophetam
1437 2812 1528 2874 bono·

350 2916 436 2978 ravit
535 2941 539 2947 ·

439 3020 550 3083 lbiiom
564 3019 602 3082 (ie
616 3020 740 3082 obuersa
752 3018 917 3082 vnemnm
930 3020 1069 3097 principis
1080 3021 1173 3082 nost-i
1185 3021 1323 3083 eertiores
1336 3019 1406 3083 ieet
1419 3037 1527 3086 sumus.

351 3125 493 3202 Georgius
506 3125 695 3188 Voleknmrus
709 3130 826 3187 senatos
845 3130 877 3187 et
889 3127 1027 3202 patricius
1046 3125 1289 3203 Norinbergensis
1303 3128 1452 3205 nobiseum
1468 3145 1526 3193 cus·

351 3232 441 3295 nant
472 3223 597 3293 Senatus
610 3232 679 3293 vina
692 3247 807 3308 quoqne
821 3232 904 3294 nobis
919 3231 1093 3309 propinarit.

439 3338 565 3400 Domino
579 3338 647 3400 Veto
661 3354 735 3419 uror
748 3343 794 3398 est
807 3337 982 3415 biagduiene
997 3338 1121 3415 nomine,
1136 3337 1212 3402 iiiios
1226 3339 1315 3402 babet
1327 3339 1435 3418 vienn,
1451 3341 1528 3403 Pon·
1585 3404 1591 3414 ,

342 3418 424 3522 'rum
447 3443 628 3520 erumpam,
650 3441 726 3506 enm
742 3445 973 3520 mmmmm,
996 3444 1129 3506 mmmm.

440 3548 632 3625 Norinbergm
647 3549 742 3612 ethre
754 3554 800 3610 est
819 3549 951 3612 doctrino
969 3566 1044 3627 pura
1062 3553 1214 3627 evangelii,
1236 3569 1337 3616 verum
1352 3554 1528 3618 eoeimiene

350 3661 488 3720 asenatn
501 3660 652 3732 rogantum,
674 3662 709 3718 ut
726 3654 906 3734 aonrpendo
924 3671 1054 3732 quosque
1068 3659 1235 3720 nominatim
1249 3659 1422 3736 abstineant,
1445 3663 1529 3722 nimi-

351 3778 418 3824 rum
431 3763 518 3824 satie
539 3777 637 3838 eouse,
658 3761 737 3838 quod
755 3762 928 3824 moerentia
948 3764 1025 3824 melu
1045 3763 1128 3825 nobis
1149 3761 1292 3826 inferendi
1312 3765 1447 3828 veirone
1468 3784 1529 3829 non

353 3865 437 3943 desit,
459 3868 487 3928 si
500 3882 558 3942 qus
572 3865 658 3929 detur
671 3869 786 3931 oooasio
805 3875 836 3930 et
854 3869 931 3931 bono
950 3870 981 3928 in
1002 3871 1128 3946 speeiem
1141 3871 1172 3931 in
1186 3871 1292 3932 melum
1306 3871 1527 3949 interpretandi.

441 3972 551 4034 Doctor
572 3974 731 4036 Veneeisus
752 3974 855 4050 Lynek
875 3991 953 4037 enno
974 3975 1123 4051 superiore
1145 3977 1205 4037 sits
1224 3977 1288 4053 hoo,
1311 3975 1440 4041 ieiioiore
1457 3977 1528 4040 frui·

353 4082 450 4154 uerus,
473 4078 604 4140 memet
1228 4126 1232 4134 .
1482 4111 1487 4117 -

440 4182 541 4246 Noriei
555 4183 690 4260 amusan,
712 4184 790 4260 quoi
803 4187 1031 4262 protestantibus
1044 4186 1165 4262 triginta
1178 4189 1268 4250 miiiie
1281 4205 1437 4252 orreorum
1451 4192 1528 4254 dono

350 4288 494 4366 dederint,
511 4305 569 4365 quo
582 4289 709 4350 animum
723 4291 864 4367 mgientis
877 4293 970 4355 leonis
985 4293 1190 4372 demulcerent,
1202 4295 1289 4357 iidem
1303 4297 1425 4372 triginta
1437 4300 1529 4362 millio

352 4401 554 4458 eommtorum
566 4394 643 4457 tono
658 4395 808 4458 doemunt
888 4421 895 4430 =

438 4501 570 4578 Rotbger
588 4499 632 4563 nii
650 4501 703 4564 der
721 4503 822 4579 Bergk
834 4500 982 4568 amibber
997 4507 1151 4584 apoplexin
1170 4512 1264 4570 taetus
1283 4515 1336 4587 est
1359 4525 1462 4572 rerum
1476 4509 1526 4572 sd·

353 4607 410 4668 bno
422 4614 556 4683 superest
570 4615 601 4670 et
612 4610 738 4671 eeseitur
751 4626 825 4672 aura
839 4612 973 4674 ethereo.

410 4703 412 4708 ’
442 4712 630 4775 Eberhardrs
644 4715 778 4778 Ebnerm
792 4718 906 4778 nomine
923 4718 1159 4797 norinbergensis
1174 4729 1289 4785 senatus
1304 4722 1431 4799 equitem
1443 4724 1527 4786 nobis

357 4816 503 4898 subjunxit,
525 4820 607 4896 eujus
619 4819 709 4884 uren
721 4822 928 4902 weissenburg
943 4824 1060 4892 deuteri
1073 4818 1180 4891 snmus.
