3700 5692
974 757 1037 823 loo

503 940 582 999 Inter
590 944 721 1014 quartam
729 945 759 999 et
767 940 895 1013 quintam
903 940 989 999 horas
997 936 1209 1014 pomeridianas
1217 937 1389 1002 Heuselinns
1397 940 1519 1001 Venator
1527 955 1568 999 ve·

414 1046 457 1115 nit
471 1046 509 1111 od
528 1044 634 1105 iratres
648 1051 763 1105 nostros
778 1062 797 1104 a
810 1060 934 1105 noverca
949 1045 1061 1104 missus.
1100 1043 1191 1104 Nobis
1212 1060 1326 1119 quoqne
1348 1046 1446 1107 literas
1461 1044 1570 1105 domine

413 1167 512 1211 socrus
527 1151 625 1211 uxoris
641 1156 671 1211 et
685 1149 809 1211 doctoris
817 1148 985 1209 Melchioris
1002 1146 1039 1211 ab
1050 1149 1124 1210 Ossa
1139 1149 1386 1213 commendatitias
1400 1166 1454 1225 pro
1468 1149 1570 1209 Eubulo

412 1257 451 1316 ad
472 1257 617 1318 doctorem
644 1259 787 1323 Jcannem
814 1256 1038 1331 Stromberginm
1061 1261 1092 1316 et
1119 1254 1265 1316 doctorem
1291 1255 1460 1315 Udalricum
1481 1254 1570 1315 Mord-

411 1364 500 1439 enen,
516 1364 694 1424 consiliarios
707 1362 840 1423 Mauritii
857 1361 955 1436 ducis,
977 1361 1059 1421 etad
1080 1360 1244 1435 Philippum
1261 1360 1366 1421 Selden
1380 1360 1571 1421 mceeanoella·

411 1470 487 1529 rium
502 1465 626 1528 (lassaris
640 1483 696 1527 nec
708 1485 767 1529 non
781 1465 933 1527 Nicolaum
948 1483 966 1525 a
980 1466 1100 1525 Kouritz
1123 1481 1279 1525 caesareum
1293 1467 1515 1527 commissarium
1528 1463 1571 1523 ad·

410 1573 516 1634 ferens.
532 1574 778 1634 Eademloenncs
788 1589 806 1632 a
815 1570 1171 1632 Reichenbachmedicinae
1182 1571 1440 1632 doctornobiscum
1450 1571 1572 1631 coeuavit

499 1679 632 1740 Reddita
646 1678 730 1737 nobis
750 1678 852 1737 eadem
867 1683 934 1737 snut
955 1677 1048 1737 litera
1063 1678 1264 1751 spectatissimi
1287 1678 1391 1752 equitis
1405 1676 1573 1737 Balthasaris

411 1784 613 1860 aGultlingen.
629 1785 716 1844 Faxit
732 1784 863 1844 dominns
877 1784 1029 1856 utriusque
1038 1787 1135 1843 votnm
1150 1780 1274 1843 icelicem
1289 1784 1430 1844 sortiatur
1445 1781 1572 1843 effectum.

500 1890 669 1952 Ambrosius
689 1889 828 1965 Ammon,
853 1906 918 1963 quse
940 1888 975 1949 de
994 1889 1111 1949 Interim
1133 1890 1313 1963 obolererat,
1340 1891 1488 1951 nobiscum
1506 1904 1572 1947 com-

411 1997 574 2057 municarit.
611 1995 844 2057 Volkmarienses
859 2001 889 2056 et
909 1993 1046 2055 Ganstein
1066 1995 1181 2069 egregie
1203 1996 1337 2058 comitum
1359 1996 1491 2057 absentia
1504 1992 1574 2053 abuti

412 2103 555 2163 dicuntur.
1490 2170 1494 2175 ,

500 2207 611 2268 Eadem
633 2208 799 2269 Madrutius
824 2206 1011 2267 Tridentinus
1039 2209 1189 2283 episcopus
1213 2213 1243 2267 et
1268 2206 1424 2267 cardinalis
1446 2206 1574 2280 Anguste

412 2314 491 2374 obiit.
530 2312 665 2374 (lardum
679 2331 698 2374 a
712 2312 866 2373 Stoclrhem
885 2312 922 2372 de
943 2312 1026 2373 seriis
1048 2329 1112 2373 cnm
1126 2328 1160 2373 ec
1182 2314 1276 2374 acturi
1290 2313 1329 2373 ad
1345 2328 1459 2373 coenaar
1472 2308 1574 2374 vocari·

412 2436 485 2495 mus,
501 2420 553 2481 sed
567 2420 664 2479 nescio
679 2435 738 2492 qna
752 2419 883 2478 molestia
897 2423 1061 2480 remoratus
1077 2425 1131 2480 est.

499 2524 610 2584 Eadem
625 2524 808 2597 cognovimus
829 2525 960 2584 consules
974 2523 1160 2598 Augustanos
1183 2522 1307 2585 fratrum
1321 2529 1350 2586 et
1366 2524 1469 2589 nostri.
1480 2526 1573 2597 rogatu

410 2629 534 2690 lanionis
548 2630 641 2689 nostri
653 2627 773 2688 manem
788 2629 820 2687 in
834 2630 958 2702 gratiam
971 2630 1125 2704 recepisse.

499 2713 574 2794 Veni
587 2742 702 2793 creator
715 2734 843 2809 spiritus,
863 2741 974 2795 mentes
989 2739 1104 2793 tuorum
1117 2736 1212 2810 visita,
1235 2735 1322 2810 imple
1336 2752 1465 2811 superna
1479 2733 1570 2809 gratia

284 2869 290 2874 ·
410 2855 476 2914 quse
490 2844 523 2898 tu
537 2841 784 2914 nessopectora.
822 2840 902 2901 Pone
925 2841 1003 2899 enim
1022 2841 1053 2899 in
1073 2842 1205 2905 omnibus
1224 2842 1307 2901 nobis
1329 2842 1405 2916 ignis
1421 2840 1523 2901 amoris
1536 2838 1571 2896 tui

410 2934 551 3005 extinctus
570 2950 623 3005 eet.
662 2945 707 3004 Tu
722 2960 739 3005 e
752 2943 858 3005 favillis
871 2944 1001 3007 dammas
1017 2948 1120 3022 excita,
1145 2964 1201 3021 qno
1217 2945 1304 3007 eorda
1318 2952 1420 3007 nostra
1435 2943 1570 3015 caleam

410 3061 446 3111 aa
460 3066 525 3124 qna
547 3050 630 3110 nobis
646 3051 731 3123 juxte
753 3051 923 3125 promissum
940 3052 1047 3111 domini
1071 3058 1100 3113 et
1115 3052 1267 3113 salvatoris
1282 3054 1374 3113 nostri
1388 3054 1462 3114 Jesu
1477 3048 1571 3112 Ghnsti

409 3158 554 3232 suggeris,
574 3155 739 3217 medullitus
757 3172 809 3217 nos
829 3155 957 3217 afficiant
976 3162 1007 3217 et
1027 3158 1065 3218 ad
1080 3159 1182 3217 animae
1202 3159 1418 3233 receptaculum
1431 3158 1489 3220 fide
1509 3172 1571 3231 pura

410 3263 696 3337 conansmittamns,
718 3269 805 3336 teque
826 3267 940 3323 rectore
960 3263 1056 3323 omnia
1080 3268 1179 3327 nostra
1199 3263 1237 3324 ad
1255 3264 1313 3323 Dei
1332 3264 1470 3341 gloriam,
1494 3262 1571 3338 ipsius

409 3367 543 3429 audiente
557 3366 626 3443 lilio,
642 3368 808 3444 dirigamus,
824 3370 874 3442 qui
887 3370 960 3430 viris
976 3374 1005 3428 et
1018 3384 1122 3443 regnas
1137 3386 1201 3429 cnm
1219 3369 1319 3431 eodem
1329 3377 1419 3446 ‘patre
1435 3376 1465 3431 et
1477 3357 1570 3428 lilioin

407 3475 538 3535 trinitate
553 3472 683 3547 perlecta
697 3473 780 3533 Deus
794 3476 888 3534 trinus
903 3481 935 3535 et
948 3491 1031 3534 unus.
1054 3474 1157 3535 Amen.

496 3596 536 3638 xx
546 3579 633 3654 Maji,
649 3594 714 3652 quae
729 3562 794 3638 erat
807 3580 872 3654 ipsa
886 3579 948 3639 dies
967 3585 1162 3655 pentecostes,
1188 3581 1241 3642 sub
1261 3584 1372 3640 sextam
1396 3580 1498 3642 horam
1511 3582 1570 3637 ante

407 3683 556 3744 meridiem
571 3684 826 3745 addMauritium
840 3685 897 3760 pioe
912 3685 1023 3759 aliquot
1037 3686 1185 3747 cantiones
1200 3685 1359 3746 decantmae
1375 3692 1453 3747 sunt.
1469 3682 1569 3745 Deinde

407 3789 610 3864 lactorexcap.
624 3790 805 3849 lemicensi
819 3789 931 3864 aliquot
942 3791 1141 3866 paragraphos
1151 3792 1221 3867 legit
1231 3808 1265 3852 ac
1274 3796 1394 3852 caterae
1410 3792 1568 3851 monitiones

406 3909 461 3969 pro
475 3894 560 3954 solito
574 3893 651 3955 iecit.
667 3894 740 3956 Post
750 3895 813 3955 haec
823 3895 851 3955 d.
857 3894 1014 3971 Masculus,
1024 3898 1157 3957 invocato
1166 3896 1291 3959 coelestis
1300 3898 1426 3957 numinis
1436 3876 1567 3973 prasidio,

407 3998 556 4060 historiam
570 4000 629 4060 diei
642 3999 707 4059 festi
722 4002 807 4076 hujus
823 4019 859 4061 ex
872 4018 936 4077 cap.
949 4002 1115 4062 ancorum
1129 4004 1200 4078 legit
1215 4019 1307 4078 usque
1322 4003 1360 4063 a'd
1374 4004 1451 4063 hanc
1464 4005 1566 4061 senmu-

405 4103 490 4162 tiam:
509 4102 568 4163 »Et
582 4092 869 4179 loquebanturvariis
883 4108 999 4184 linguis,
1007 4109 1103 4184 ‘prout
1117 4109 1235 4185 spiritns
1249 4110 1337 4170 dabat
1351 4109 1433 4181 loqui
1448 4108 1507 4167 eis«
1520 4110 1566 4164 eto.

328 4280 333 4287 ῃ
405 4206 513 4268 Aiebat
526 4215 623 4269 autem
631 4217 767 4286 oportere
776 4210 1015 4290 animadvertere,
1028 4231 1086 4289 qua
1099 4214 1187 4275 animi
1201 4214 1359 4276 intentione
1373 4214 1476 4276 beatus
1484 4212 1567 4272 Luem

406 4308 626 4389 evangeliste‘et
639 4316 745 4377 librum
760 4332 843 4376 suum
855 4320 980 4393 priorem
990 4326 1020 4380 et
1027 4319 1112 4395 huno,
1120 4319 1246 4379 cuiAota
1261 4316 1581 4395 apostolorumtrtulum.

405 4416 482 4493 iecit,
498 4422 657 4496 scripserit.
680 4421 804 4482 Videtur
817 4428 923 4499 autem,
935 4425 1038 4499 inquit,
1053 4424 1175 4493 d.Lucae
1189 4425 1243 4485 lrcc
1257 4424 1346 4485 faisse
1360 4425 1527 4496 institutum,
1539 4422 1567 4477 ul

404 4524 479 4583 meuc
490 4525 626 4601 inpriore
637 4528 673 4587 de
686 4527 875 4605 humanitate,
885 4531 1019 4602 passione
1027 4537 1056 4590 et
1066 4532 1278 4592 resurrectione
1284 4532 1399 4607 Christi,
1410 4530 1535 4591 similiter
1541 4527 1566 4584 el

405 4627 539 4701 depastis
553 4632 740 4693 aemimmlm
751 4630 1073 4696 dominisermooinatns
1083 4642 1136 4711 est,
1149 4636 1192 4696 ita
1203 4619 1435 4698 idhcesecundo
1451 4635 1565 4695 scribere

405 4731 496 4790 voluit
510 4735 602 4807 qualis
616 4738 699 4811 regni
709 4736 816 4798 Christi
826 4754 974 4800 successus
993 4744 1023 4800 et
1037 4747 1128 4801 sutus
1143 4748 1209 4814 post
1218 4744 1280 4816 eJus
1295 4742 1527 4802 resurrectionem
1540 4738 1565 4791 et

404 4827 601 4896 macedonem
613 4838 711 4915 fuerit,
727 4848 757 4901 ct
767 4842 1006 4919 hicevangelistae
1022 4846 1094 4906 crdo
1109 4846 1367 4910 observandnsest
1384 4842 1475 4908 Simili
1488 4839 1563 4902 m⁰d⁰
