3700 5692
846 725 915 792 225

294 922 398 967 rerum<
409 908 542 969 mutatio.
572 906 632 968 Sed
646 913 691 968 est
705 904 832 985 (Christo
846 905 922 984 laus)
938 908 988 983 qui
1001 909 1084 969 nobis
1098 912 1229 984 potentes
1244 914 1378 984 potenter
1392 924 1472 969 ever-

291 1018 357 1073 tere
370 1019 478 1088 potest.
548 1060 552 1072 .

382 1116 497 1177 Eadem
510 1118 624 1177 Jostnm
640 1117 729 1191 Sopbi
743 1119 912 1179 Wimariam
927 1120 1064 1181 misimus.

383 1223 495 1283 Eadem
520 1223 636 1284 domina
656 1239 755 1283 socrus
773 1225 942 1285 Wimariam
966 1224 1172 1301 proficiscitur,
1203 1242 1299 1286 secum
1326 1225 1470 1287 abducens

295 1327 454 1388 Aemiliam
470 1334 500 1389 et
513 1328 628 1388 Annam
642 1329 767 1388 Mariam
780 1327 866 1389 filias.
889 1331 1016 1391 Uxorem
1031 1350 1145 1407 quoque
1161 1333 1286 1393 doctoris
1301 1332 1471 1393 Melcbioris

294 1434 332 1495 de
348 1433 432 1494 Ossa.
456 1435 579 1493 Venturi
594 1450 708 1509 quoqne
722 1436 893 1495 Wimariam
916 1442 1001 1497 erant
1021 1436 1161 1514 Georgius
1176 1438 1316 1499 Ernestus
1338 1440 1470 1512 princeps

293 1548 324 1602 et
338 1556 435 1599 comes
449 1541 481 1598 in
495 1539 687 1613 Henneberg,
712 1539 876 1599 Fridericus
891 1558 910 1600 a
925 1542 1147 1619 Wangenheim,
1173 1544 1351 1605 consiliarius
1366 1542 1470 1602 ducum

294 1645 430 1705 Senoniae
446 1647 476 1703 et
490 1644 540 1702 alii
553 1644 631 1703 inter
649 1642 738 1703 filiam
760 1645 878 1704 Henrici
903 1649 1014 1707 comitis
1030 1666 1048 1709 a
1063 1649 1281 1724 Schwartzburg
1296 1653 1325 1708 et
1340 1646 1468 1708 Guuthe·

293 1768 359 1811 rum
373 1751 508 1810 cormtem
522 1766 541 1809 a
556 1750 775 1826 Schwartzburg
789 1768 876 1812 cansa
890 1750 965 1812 dotis
980 1756 1081 1815 actui.

385 1854 498 1915 Eadem
514 1862 544 1916 et
557 1856 700 1916 Heuricus
715 1872 735 1915 a
748 1856 919 1917 Wildenfels
935 1859 1015 1918 abiit.

387 1962 493 2021 socrus
511 1967 716 2035 pernoctatura
734 1966 799 2021 erat
820 1961 897 2034 apud
911 1962 1091 2023 Fridoricum
1107 1982 1125 2023 a
1139 1963 1309 2026 Witzleben.
1347 1964 1410 2023 Nos
1424 1964 1469 2021 in-

294 2069 385 2131 terim
400 2069 477 2126 inter
491 2083 571 2141 spem
584 2073 748 2140 metumque
764 2068 894 2140 suspensi
907 2070 951 2127 rei
966 2070 1073 2129 exitum
1088 2068 1317 2143 expectabamus.

387 2172 414 2231 A
428 2187 512 2231 coena
527 2187 590 2229 cnm
606 2172 721 2231 domina
735 2171 771 2231 de
786 2171 981 2251 Wiideuielss,
997 2174 1057 2235 tilia
1071 2176 1132 2249 ejus
1146 2175 1315 2248 Margareta
1329 2190 1363 2233 ac
1377 2188 1468 2232 uxore

296 2277 355 2337 cibi
370 2277 523 2351 digerendi
536 2278 632 2353 gratia
645 2278 676 2335 in
690 2293 785 2337 arcem
806 2278 851 2355 (ut
864 2278 980 2356 vocant)
1002 2284 1129 2341 veterem
1148 2281 1268 2340 ibamus.
1306 2280 1361 2339 Est
1375 2282 1470 2338 autem

296 2399 400 2443 murus
415 2384 476 2457 arci
491 2383 650 2458 proximus,
674 2383 723 2443 nbi
743 2383 837 2443 adhuc
855 2382 1042 2447 fundamenta
1061 2392 1092 2446 et
1110 2387 1248 2447 maceries
1268 2386 1392 2443 minusue
1411 2385 1468 2443 vis-

297 2495 399 2549 untur.
438 2488 486 2548 Ad
503 2488 589 2563 hujus
609 2490 714 2549 montis
738 2489 849 2549 radices
872 2492 903 2549 in
917 2491 1088 2553 suburbanis
1102 2491 1282 2552 Rudelstadii
1298 2490 1373 2549 aedes
1389 2488 1470 2547 nobi·

298 2597 371 2654 lium
394 2594 536 2655 aHeisen
558 2600 637 2669 sunt,
663 2611 734 2669 quas
754 2612 830 2654 nunc
849 2594 1005 2671 Georgius,
1034 2597 1170 2657 Ursulum
1194 2596 1229 2655 de
1253 2593 1419 2669 Schonbcrg
1441 2594 1472 2652 in

298 2715 420 2759 uxorem
434 2700 552 2774 babens,
567 2698 719 2761 inhabitat
759 2700 832 2760 Sunt
846 2706 876 2761 et
890 2703 934 2761 bis
950 2703 1090 2777 contiguae
1105 2703 1205 2762 domus
1221 2699 1350 2776 sigifridi
1365 2700 1471 2761 Sabou-

297 2805 371 2881 fcldt
386 2813 415 2866 et
429 2806 556 2881 Philippi
570 2823 589 2865 a
604 2807 675 2865 Ten.
713 2805 913 2868 assidentibus
928 2808 1016 2883 igitur
1031 2809 1113 2870 nobis
1127 2810 1158 2868 in
1173 2814 1269 2869 monte
1285 2806 1405 2869 accessit
1419 2821 1472 2864 nos

298 2927 372 2986 puer
393 2910 522 2985 quidam,
552 2912 681 2972 indicans
705 2914 848 2986 quendam
871 2930 887 2973 e
912 2913 1020 2973 familia
1036 2916 1170 2975 comitum
1194 2914 1230 2973 de
1252 2912 1470 2985 Schwartzbnrg

298 3022 414 3093 petere,
437 3022 470 3076 ut
483 3034 529 3077 me
544 3019 697 3078 convenire
711 3020 811 3093 possit.
849 3020 976 3079 Puerum
991 3037 1060 3094 ergo
1074 3020 1249 3095 interrogari
1259 3020 1405 3098 jussimus,
1422 3034 1470 3075 cu·

296 3125 414 3198 jusnam
427 3125 557 3184 minister
573 3129 661 3198 esset,
688 3124 739 3184 sed
754 3130 925 3198 anteaquam
940 3142 1012 3201 puer
1027 3125 1065 3184 ad
1079 3141 1132 3185 nos
1146 3142 1278 3186 reuersus
1294 3131 1383 3198 esset,
1409 3126 1471 3199 ipse

299 3228 525 3304 christophorus
539 3230 576 3289 ab
590 3230 773 3303 Entzenberg
787 3229 869 3289 nobis
883 3227 917 3288 fit
940 3230 1052 3289 obviam
1067 3231 1181 3287 nomine
1197 3231 1307 3287 comitis
1323 3231 1366 3288 sui
1381 3229 1470 3289 Joan-

298 3336 345 3393 nis
360 3334 479 3393 Henrici
499 3334 749 3408 aSohuartzburg
769 3341 798 3395 et
819 3336 857 3395 ab
871 3334 933 3407 ejus
954 3348 1044 3393 uxore
1059 3333 1143 3394 nobis
1158 3333 1279 3394 salntem
1296 3334 1393 3395 dicem
1407 3334 1471 3391 haec

299 3440 407 3499 attulit.
445 3440 637 3513 Posteaquam
657 3456 752 3499 comcs
776 3456 845 3498 suns
868 3440 1026 3513 accepisset
1050 3438 1192 3498 dominam
1212 3452 1325 3496 socrum
1347 3452 1470 3511 peregre

298 3541 458 3619 profectam
475 3561 584 3618 nosque
599 3561 663 3603 cum
677 3561 767 3603 uxore
781 3550 881 3603 nostra
895 3545 1001 3605 ibidem
1022 3545 1104 3618 quasi
1127 3544 1255 3603 solitarie
1276 3542 1388 3615 degere,
1413 3557 1470 3615 quo

298 3651 362 3723 ipse
377 3667 472 3711 comm
494 3652 584 3711 nostri
606 3652 737 3711 notitiam
755 3651 863 3712 babere
883 3652 988 3726 possit,
1011 3650 1153 3725 peramica
1176 3664 1239 3707 eum
1254 3652 1362 3720 petere,
1386 3651 1419 3706 ut
1433 3646 1470 3705 ad

300 3756 378 3815 diem
397 3756 501 3815 Martis
522 3758 682 3831 proximum
704 3757 757 3815 sub
783 3772 933 3830 vesperam
953 3758 984 3813 iu
1007 3754 1260 3828 Leuchtenberga,
1286 3753 1336 3812 ubi
1359 3757 1389 3811 et
1410 3758 1471 3811 tum

300 3861 418 3933 nuptias
431 3861 610 3934 pedissequae
626 3845 724 3920 unoris
740 3877 798 3920 suae
812 3861 1063 3935 babiturnsesset,
1084 3859 1185 3919 adesse
1201 3860 1394 3933 dignaremur.
1417 3858 1471 3915 Eis

300 3964 407 4024 auditis
423 3966 515 4040 primo
530 3966 601 4025 hero
617 3982 668 4025 sno
684 3971 713 4026 et
729 3966 850 4025 dominae
866 3967 974 4039 gratiam
995 3982 1082 4041 agere
1094 3965 1239 4041 jussimus.
1278 3964 1361 4023 Talia
1376 3967 1472 4022 autem

300 4087 364 4130 esse
379 4058 464 4130 modo
486 4069 605 4144 negocia
629 4076 741 4145 nostra,
764 4077 796 4130 ut
809 4072 922 4130 choreae
941 4089 999 4131 non
1019 4075 1199 4147 peterentur,
1224 4086 1276 4130 uec
1294 4084 1412 4145 ¹quoque
1426 4083 1471 4125 me

299 4175 389 4248 probe
405 4175 537 4234 edoctum
555 4192 618 4235 esse
640 4176 678 4235 ad
697 4176 847 4251 strepitum
866 4177 993 4250 cytharae
1014 4178 1180 4237 choreatum
1204 4175 1307 4234 ducere
1323 4171 1471 4246 nymphas.

300 4282 374 4353 Quia
388 4287 484 4339 auum
494 4296 588 4339 comes
602 4282 734 4357 petierat,
750 4281 942 4341 athemiliam
953 4284 1062 4356 neptim
1077 4297 1166 4353 suam,
1183 4295 1268 4351 quam
1282 4280 1343 4350 ipse
1359 4293 1374 4335 e
1390 4290 1471 4334 sacro

299 4386 481 4461 baptismatis
496 4384 574 4444 tonte
588 4385 728 4461 levasset,
747 4387 895 4446 nobiscum
909 4388 1130 4458 adduceremus,
1148 4385 1253 4442 dictum
1269 4386 1312 4441 est
1326 4381 1378 4457 iili,
1394 4380 1470 4439 banc

299 4508 363 4550 cum
378 4495 470 4551 matre
484 4491 597 4551 abiisse.
636 4492 709 4564 Quia
729 4497 822 4551 autem
843 4492 899 4551 boc
918 4508 1057 4567 responso
1074 4488 1295 4563 christophorus
1318 4486 1372 4545 sibi
1387 4487 1470 4545 satis-

298 4595 407 4657 auum
423 4594 551 4670 nolebat,
565 4613 619 4671 per
634 4596 871 4672 christophorum
879 4599 956 4671 Zier,
972 4598 1042 4671 quid
1056 4597 1085 4654 iu
1100 4596 1153 4654 bac
1168 4610 1200 4653 re
1215 4591 1376 4653 faciendum
1390 4592 1473 4653 nobis

298 4721 338 4762 an
354 4717 438 4761 secus
454 4707 539 4776 esset,
555 4703 764 4776 respondimus.

389 4807 419 4865 ix
433 4805 503 4865 Julii
525 4807 592 4867 dam
612 4824 666 4885 per
686 4807 910 4883 hybernacuhm
930 4822 1028 4871 socrus
1050 4812 1181 4883 trameo,
1206 4802 1281 4866 forte
1301 4803 1419 4884 fortuna
1440 4801 1471 4861 in

342 4923 460 4969 waldach·
1220 4914 1260 4973 15
