3700 5692
978 740 1022 807 72

419 940 425 957 ‘
499 930 611 991 Eadem
625 942 719 989 comm
731 923 901 988 wilhelmus
912 928 1015 985 mutuo
1031 924 1113 985 nobis
1127 924 1206 986 dedit
1220 924 1381 1001 quindecim
1393 926 1454 989 illas
1464 930 1561 991 concio·

409 1054 461 1097 nes
475 1035 624 1096 Michaelis
643 1032 819 1107 suffraganei
836 1030 1066 1105 Moguntinensis
1087 1028 1123 1089 do
1143 1030 1322 1094 sanctissima
1341 1034 1435 1109 missa,
1457 1034 1562 1095 scilicet!

411 1152 414 1156 ·
497 1140 619 1214 Quidam
637 1140 775 1215 principis
795 1136 915 1210 alicujus
937 1150 996 1194 non
1016 1136 1130 1195 omnino
1149 1136 1265 1211 pessimi
1285 1128 1385 1199 noxios
1404 1141 1563 1201 consiliarios

387 1246 578 1308 ιιιιιιιιιιιιιι
593 1244 728 1305 Judamn
747 1248 777 1303 ιι
796 1242 939 1302 ioannem
953 1240 1088 1300 Islebium
1109 1240 1274 1317 theologum
1293 1244 1359 1304 ‘esse
1384 1244 1462 1305 dixit.
1497 1246 1565 1306 Proh

408 1330 505 1427 dolor,
528 1366 591 1411 rem
606 1366 660 1409 acu
677 1350 784 1423 tetigit.
916 1351 920 1355 ’

499 1455 589 1516 Libra
603 1456 759 1514 aromatica
773 1467 832 1511 una
846 1464 899 1528 pro
914 1450 1040 1511 deumiis
1062 1448 1174 1511 duobus
1192 1454 1224 1512 ιιι
1243 1454 1406 1515 molendino
1426 1454 1564 1515 aromatico

411 1540 605 1623 contunditur.

498 1665 610 1726 Eadem
628 1680 723 1725 comes
738 1679 756 1724 a
769 1662 884 1723 Nasson
903 1664 1041 1737 scripturn
1062 1664 1259 1737 compromissi
1269 1664 1459 1740 mndtgrariae
1478 1670 1505 1725 ιι
1523 1681 1565 1724 suo

410 1770 505 1847 sigillo
520 1770 736 1831 corroboratum
749 1768 808 1828 suis
823 1767 995 1843 syngraphis
1015 1768 1205 1845 subscriptum
1225 1770 1307 1830 nobis
1325 1770 1445 1831 remisit.
1473 1772 1567 1831 Verum

412 1874 590 1937 coloniensis
604 1891 699 1935 ceram
714 1881 744 1935 et
756 1889 913 1950 papyrum,
937 1871 989 1932 sed
1003 1888 1061 1933 non
1075 1873 1229 1949 sigillatum
1244 1878 1428 1949 apposuerat.
1456 1875 1567 1935 Petitnru

411 1984 499 2057 igitur
514 1980 672 2054 consilium,
688 1978 738 2039 sed
753 1985 850 2039 tamen
864 1982 974 2038 mumto
989 1978 1108 2039 consilio
1122 1995 1187 2038 cum
1202 1979 1295 2053 sigilio
1311 1980 1423 2040 comitis
1438 1980 1567 2040 aNassan

410 2084 564 2146 fideremus
578 2099 676 2145 omnes
690 2100 708 2143 e
708 2084 830 2159 isigilio
845 2087 875 2143 et
887 2098 1021 2144 manuum
1042 2084 1250 2159 subscriptione
1271 2084 1352 2163 (licet
1372 2085 1465 2145 animo
1478 2080 1566 2158 ιιιιιιι)

411 2192 549 2279 scriptum
562 2188 618 2249 boc
631 2186 869 2249 confirmavimus

498 2296 610 2355 Doctor
623 2292 745 2354 Carolus
763 2294 863 2366 Harst,
886 2294 1049 2355 Joachimus
1063 2292 1151 2369 Haglr
1171 2298 1202 2352 et
1220 2293 1258 2353 N
1278 2294 1390 2355 Doctor
1409 2309 1444 2354 ac
1461 2292 1568 2355 Wilbei·
1642 2294 1643 2299 ’

410 2417 473 2460 mus
488 2400 621 2462 Ketteler
640 2400 802 2474 canonicus,
826 2398 961 2477 (quijam
976 2402 1006 2459 in
1020 2397 1184 2473 pontificem
1198 2401 1455 2460 monasteriensem
1474 2398 1568 2459 electus
1642 2464 1643 2481 2

411 2486 482 2581 ιιι),
507 2502 519 2540 ¹
535 2503 634 2565 (ilirioe
648 2504 728 2577 ducis
743 2506 898 2565 consiliarii
912 2503 1021 2566 ιιιιιιι
1034 2509 1149 2565 nostros
1164 2504 1202 2564 ad
1218 2520 1330 2563 coenam
1344 2510 1490 2565 vocarunt.

446 2594 484 2636 ³·
498 2608 610 2668 Ειιιιιιι
630 2607 818 2668 Wendebnus
844 2616 874 2669 ιι
893 2609 998 2669 Ficum
1020 2609 1200 2669 archiducem
1222 2610 1452 2670 Maximiiianum
1473 2608 1567 2681 adiere,
1642 2598 1643 2611 ¹

410 2715 459 2788 qui
474 2728 524 2773 eos
540 2714 695 2773 clementer
710 2714 828 2774 audiuit.
859 2713 1049 2789 Respondeas
1063 2714 1106 2773 ιιιι
1119 2715 1210 2788 probe
1225 2716 1370 2790 obvenire,
1395 2716 1473 2791 quod
1486 2712 1569 2775 affinis

409 2834 478 2879 suus
493 2818 553 2877 dux
567 2811 665 2877 cliviae
679 2834 744 2877 cum
757 2821 821 2895 ipso
836 2818 873 2879 de
885 2819 1035 2879 comitibus
1049 2820 1081 2879 in
1095 2818 1238 2881 Waldeck
1255 2820 1366 2880 locutus
1381 2822 1429 2881 sit.
1458 2820 1568 2880 Paratus
1642 2836 1643 2845 ¹

409 2905 497 2983 etiam
512 2922 615 2998 omnia,
638 2940 703 2996 quae
724 2923 763 2983 ad
781 2940 897 2983 oausam
915 2924 1064 2984 commoda
1083 2929 1158 3001 sunt,
1181 2924 1286 3000 iacere,
1310 2926 1424 3000 sibique
1438 2916 1568 2994 constare,

410 3027 447 3088 de
461 3042 548 3088 causa
566 3033 666 3088 nostra
685 3028 778 3088 adbuc
798 3028 870 3087 nibil
890 3030 929 3089 ad
948 3030 1149 3104 imperatorem
1167 3030 1290 3091 relatum
1311 3046 1398 3091 esse·
1422 3022 1525 3091 Verum
1543 3042 1569 3087 se

409 3132 543 3193 daturum
558 3150 689 3209 operam,
714 3134 739 3192 si
752 3135 799 3194 rel
813 3136 876 3209 ipso
890 3134 945 3194 boc
960 3134 1007 3194 die
1021 3134 1090 3210 quid
1105 3133 1218 3196 efficere
1232 3142 1338 3211 posset.

499 3220 653 3301 Wolrndus
667 3225 771 3316 rogatu
784 3239 907 3300 matrum
921 3257 981 3302 nna
995 3258 1059 3301 cum
1073 3248 1177 3317 nepote
1196 3243 1328 3304 Samuele
1345 3240 1454 3303 irenes
1473 3236 1569 3325 adcli-

408 3362 511 3407 nenses
525 3348 702 3408 consiliarios
716 3364 769 3424 pro
783 3346 886 3408 umbra
900 3348 1105 3408 concomitatus
1120 3355 1172 3409 est.
1201 3348 1288 3425 Apud
1307 3347 1380 3422 q'uos
1399 3362 1499 3409 mensa
1516 3348 1571 3406 erut
1642 3348 1643 3433 s

409 3432 537 3528 opipare
554 3454 709 3527 instructa,
742 3453 791 3513 ubi
819 3461 849 3513 et
875 3452 1084 3528 disputationes
1106 3455 1195 3515 varia
1217 3456 1392 3530 inciderunt,
1422 3458 1453 3515 et
1472 3450 1571 3529 reperti

409 3562 477 3617 sunt
496 3559 592 3633 multi,
616 3558 666 3633 qui
684 3572 738 3616 neo
758 3558 879 3633 papistis
897 3560 1022 3634 palmam
1043 3574 1096 3619 nec
1116 3561 1222 3619 nostris
1241 3562 1391 3621 victoriam
1411 3560 1569 3620 tribuerent.

409 3662 452 3721 Ac
473 3679 557 3723 nemo
575 3664 704 3723 miretur.
743 3663 925 3738 Sapientibus
947 3664 1044 3723 mundi
1067 3666 1242 3739 abantiquo
1266 3682 1314 3725 res
1334 3667 1440 3727 divina
1462 3662 1571 3725 ridiculo

409 3764 535 3827 inerunt
578 3767 690 3829 Aderat
715 3770 793 3828 inter
813 3774 938 3830 caeteros
961 3767 1036 3889 filins
1057 3768 1197 3830 Gotbardi
1225 3771 1328 3847 equitis
1351 3774 1448 3833 aurati
1469 3787 1488 3831 a
1508 3769 1570 3829 Kct·
1642 3788 1643 3818 ι

408 3873 483 3932 ιιιιι·
496 3876 550 3933 ιιι
983 3902 987 3911 -

496 3974 653 4038 Doctorem
671 3976 805 4042 carolum
824 3979 999 4055 rogabamus
1020 3986 1065 4057 ut,
1095 3983 1122 4042 si
1144 3984 1224 4045 locus
1244 3984 1467 4058 concederetur,
1490 3977 1571 4041 nostri

409 4081 581 4142 mentionem
601 4085 680 4159 apud
697 4086 918 4146 atrebatensem
942 4086 1058 4147 iaceret.
1098 4086 1174 4149 Huic
1195 4090 1354 4151 consultum
1370 4090 1528 4161 ridebatur,
1549 4086 1570 4143 si
1642 4164 1643 4169 ἵ

409 4186 551 4279 quispiam
565 4187 803 4278 subordinaretur
818 4185 842 4266 ¹,
866 4192 917 4266 qui
938 4194 1016 4267 apud
1034 4193 1183 4269 barpigias
1202 4196 1285 4256 istas*
1295 4196 1386 4256 multa
1402 4196 1441 4257 de
1454 4204 1569 4272 pauper·

408 4298 469 4355 tate
483 4299 582 4354 nostra
597 4294 707 4354 diceret
721 4311 756 4355 ac
770 4296 899 4357 redditus
915 4303 1028 4359 nostros
1044 4304 1222 4360 extenuaret.
1302 4336 1307 4343 ·

497 4398 586 4473 Dum,
607 4401 703 4460 nescio
723 4416 781 4474 quo
800 4402 954 4478 abeuntes,
977 4404 1103 4480 hospitio
1123 4405 1302 4479 abessemus,
1328 4406 1406 4467 venit
1432 4404 1543 4479 quidam
1555 4416 1571 4459 e

408 4501 517 4562 familia
536 4504 669 4564 comitum
688 4504 725 4565 de
742 4506 979 4584 Manderscbeid,
1005 4508 1058 4569 der
1078 4510 1136 4569 alte
1151 4510 1296 4585 Tyderich
1315 4512 1440 4587 nomine,
1457 4511 1506 4585 qui
1526 4508 1569 4579 ait,

410 4605 540 4667 dominos
554 4624 630 4683 suos,
653 4608 731 4683 quod
745 4610 885 4687 Augusta
905 4614 968 4688 sim,
991 4614 1117 4689 latuisse,
1143 4616 1216 4676 alias
1229 4614 1304 4677 iorte
1322 4618 1400 4693 ipsos
1415 4612 1569 4677 admodo

986 4745 1002 4781 ιι

468 4822 480 4870 1
500 4819 556 4871 Das
573 4820 632 4873 hier
649 4823 880 4891 eingeklammerte
898 4829 971 4883 steht
984 4830 1013 4881 in
1032 4830 1078 4883 der
1093 4833 1135 4885 ιιι.
1152 4848 1194 4885 arn
1209 4832 1297 4887 ιἰιιιιιι.
1335 4838 1349 4885 ι
1367 4829 1569 4886 subornaretur?
