3700 5692
927 731 972 800 ab

446 935 485 976 xx
502 914 610 991 Aprilis
625 915 700 973 inter
715 918 849 986 quartam
863 917 894 971 ct
908 911 1037 984 quintam
1051 912 1138 970 horas
1157 909 1395 971 antemeridianas
1408 909 1438 969 in
1451 915 1518 970 tem·

357 1024 405 1097 plo
420 1018 580 1107 Minorem,
607 1019 683 1094 quod
707 1018 746 1077 ad
769 1019 845 1078 hunc
861 1016 936 1076 diem
958 1019 988 1075 in
1003 1021 1147 1092 potestate
1162 1021 1279 1077 senatus
1293 1017 1452 1092 Augustani
1472 1022 1521 1090 cst,

358 1129 541 1188 ecclesiasten
564 1125 705 1201 quendam
725 1141 783 1184 non
802 1122 946 1182 indoctum
968 1139 1003 1182 ex
1025 1139 1088 1199 cap.
1111 1123 1231 1183 loannis
1251 1124 1301 1182 xxi
1323 1123 1359 1182 de
1373 1123 1523 1198 piscatione

357 1235 437 1294 Petri
452 1234 616 1293 stallorum
639 1230 793 1289 christiane
814 1236 844 1288 et
858 1228 985 1289 breviter
1009 1227 1196 1288 disserentem
1210 1227 1378 1288 audivimus.
1422 1228 1522 1288 Praeci-

357 1338 623 1414 pucverhaChristi
638 1336 758 1394 dicentis
766 1334 948 1409 »Apportatc
957 1333 1027 1394 mihi
1036 1335 1071 1394 de
1080 1335 1235 1409 piscibus«,
1253 1334 1409 1408 adducens,
1424 1333 1526 1394 scillcet

358 1446 434 1520 qnod
448 1445 510 1505 ueri
525 1443 756 1514 concionatores,
780 1456 852 1513 quos
874 1441 1060 1515 perverbum
1075 1439 1282 1514 lucrifecerim,
1299 1439 1413 1500 Christo
1428 1436 1526 1499 offerre

360 1550 495 1624 debeant,
510 1563 569 1607 non
583 1548 638 1608 sibi
651 1562 812 1620 reseruata,
828 1546 883 1606 hoc
891 1551 936 1605 est
945 1561 998 1620 pro
1013 1561 1065 1606 suo
1079 1544 1222 1606 arbitratu
1237 1547 1267 1604 in
1282 1545 1419 1621 populum
1427 1541 1526 1604 Christi

361 1655 515 1730 imperium
529 1669 639 1727 gerere.

450 1759 537 1819 Venit
550 1756 696 1816 Adrianus
711 1756 863 1817 aZertzen
876 1754 1006 1816 referens
1021 1771 1052 1816 se
1067 1757 1224 1816 marchioni
1240 1757 1359 1816 electori
1372 1756 1471 1816 literas
1484 1771 1526 1816 so·

357 1868 432 1928 roris
446 1865 618 1924 etcomitum
629 1862 828 1936 aHenncherg
835 1861 980 1936 obtulisse,
997 1863 1145 1937 ipsumque
1159 1861 1354 1922 marchionem
1369 1862 1481 1936 dixisse,
1496 1861 1527 1918 li-

359 1980 437 2032 teras
455 1971 511 2031 sibi
524 1970 643 2045 praelegi
656 1973 832 2028 curaturum.
869 1968 959 2028 Jubet
978 1968 1067 2041 igitur
1089 1967 1248 2043 Adrianus,
1271 1973 1305 2028 ut
1325 1970 1358 2028 in
1380 1968 1528 2043 hospitium

360 2077 492 2138 electoris
520 2075 679 2148 mitterem,
710 2074 882 2147 quaesiturus
904 2089 922 2132 a
945 2073 1060 2134 Staculo
1085 2073 1121 2134 de
1137 2073 1257 2149 Sleben,
1281 2090 1350 2134 num
1365 2086 1528 2150 responsum

362 2182 511 2243 habiturus
527 2181 590 2256 sim,
605 2195 704 2240 necne.
793 2234 799 2245 „

447 2288 529 2347 Idem
542 2286 689 2347 Adrianus
702 2283 872 2345 Maritinum
886 2283 986 2344 ducem
1009 2285 1161 2346 electorem
1182 2285 1225 2344 ait
1246 2285 1406 2360 pollicitum
1420 2299 1490 2359 csse,
1506 2283 1528 2343 si

359 2393 513 2467 quidboni
526 2393 557 2451 in
571 2397 671 2451 nostra
685 2407 773 2451 causa
786 2407 873 2464 agera
887 2395 994 2466 posset,
1011 2391 1104 2464 ipsum
1119 2406 1182 2450 esse
1197 2397 1339 2466 paratum.

448 2498 560 2558 Eadem
581 2498 724 2558 Ioannem
745 2495 943 2572 Milcblingum
965 2500 995 2554 ct
1017 2496 1170 2556 Erasmum
1194 2497 1382 2558 aRumrbod
1404 2495 1442 2556 ad
1455 2493 1526 2556 mar·

362 2603 504 2662 schalcum
518 2603 631 2676 imperii
646 2601 683 2661 dc
696 2601 888 2676 Papenheim,
910 2607 943 2661 ut
958 2617 1022 2660 cum
1036 2601 1125 2674 ipsius
1140 2603 1224 2662 uenia
1238 2603 1269 2660 in
1283 2602 1409 2675 hospitio
1424 2602 1526 2674 absque

361 2708 559 2768 molestatione
572 2712 744 2767 metatorum
758 2707 948 2782 hospitiorum
963 2723 1132 2781 permanere
1146 2722 1302 2782 possemus,
1318 2708 1456 2767 misimus.

448 2812 559 2873 Eadem
587 2811 721 2871 Liberius
750 2818 780 2870 et
802 2812 990 2872 Wendelinus
1018 2813 1109 2887 primo
1132 2811 1257 2886 Viglium
1282 2813 1456 2887 inviserant,
1483 2809 1528 2885 qui

358 2920 466 2994 passim
481 2919 616 2990 utrinque
632 2916 826 2991 disputantes,
850 2918 960 2993 Viglins
981 2918 1058 2992 quod
1079 2917 1187 2977 sciebat
1208 2919 1280 2976 scire
1295 2919 1402 2994 noluit,
1427 2918 1529 2978 scilicet
1649 2977 1650 2980 ,

358 3025 422 3099 quis
436 3028 528 3084 status
543 3026 620 3082 esset
633 3021 784 3082 comitatus
799 3022 948 3096 Waldeck,
969 3028 999 3082 et
1020 3025 1050 3083 in
1072 3039 1181 3084 summa
1196 3023 1364 3084 comitatum
1383 3039 1447 3084 esse
1459 3021 1528 3098 juris

357 3131 470 3204 imperii
485 3126 680 3189 confirmabat.
719 3127 791 3188 Item
809 3129 877 3186 olim
898 3145 985 3187 unum
1007 3143 1043 3188 ex
1062 3129 1211 3189 comitibus
1232 3130 1269 3191 de
1283 3129 1428 3190 Wcldeck
1445 3127 1528 3188 fuisse

355 3235 450 3295 locum
469 3240 615 3294 tenentem
636 3233 758 3294 Caesaris
780 3248 834 3308 per
854 3238 951 3294 totum
966 3235 1125 3311 imparium.
1165 3236 1238 3296 Item
1259 3237 1405 3310 quomodo
1424 3231 1527 3296 Landt·

357 3340 451 3416 gravii
469 3338 516 3416 (ut
529 3341 591 3415 ipsc
607 3338 732 3414 dicebat)
753 3356 807 3414 per
826 3341 1034 3400 bansactioncs
1053 3340 1217 3401 comitatum
1232 3357 1250 3401 a
1264 3341 1406 3403 Waldcck
1426 3343 1457 3400 in
1470 3338 1527 3399 feu·

359 3441 427 3505 dum
441 3440 614 3519 acceperint,
629 3447 723 3521 ipsum
737 3463 795 3506 non
810 3447 927 3508 istebat.
952 3448 1034 3521 Item,
1051 3463 1082 3508 sc
1097 3449 1221 3522 insignia
1234 3447 1405 3509 Wormatiae
1419 3437 1530 3508 ost'en'sa
1649 3467 1650 3472 ¹

357 3550 472 3625 vidisse,
487 3551 621 3612 vexillum
635 3557 731 3612 autem
745 3553 817 3635 illud
833 3553 1022 3628 existimabat,
1039 3555 1069 3614 in
1085 3571 1141 3628 quo
1154 3553 1303 3614 cattorum
1317 3555 1451 3629 princeps
1466 3551 1529 3610 Phi·

357 3658 453 3732 lippus
467 3659 526 3718 suis
541 3662 628 3720 armis
643 3661 767 3735 insignia
781 3661 933 3722 comitatus
948 3659 1090 3719 Wcldcck
1103 3660 1222 3734 appingi
1235 3655 1352 3721 fecerat]
1385 3661 1459 3720 Item
1473 3658 1528 3732 aje-

358 3763 409 3823 bat
424 3765 553 3824 diversas
569 3780 632 3825 esse
651 3783 753 3826 causas
766 3766 873 3826 Eubuli
896 3771 927 3825 et
939 3762 1074 3841 fratrum,
1099 3781 1167 3826 nam
1185 3761 1290 3826 fratres
1311 3781 1375 3825 csse
1394 3764 1529 3840 sanguine

355 3869 512 3941 junctiores
533 3869 685 3929 Wilhelmo
705 3870 803 3930 chria
824 3877 854 3932 et
870 3870 965 3932 Guliae
985 3871 1134 3946 (insiste,
1160 3871 1210 3945 qui
1230 3887 1336 3946 magna
1355 3873 1388 3931 in
1411 3871 1528 3946 gratiam

359 3971 481 4033 cacans
497 3980 528 4033 ct
540 3976 617 4048 regis
626 3975 803 4035 Fcrdinandi
816 3974 918 4036 iecerit
928 3981 981 4036 ete.
1005 3977 1127 4038 Remisit
1140 3982 1256 4038 nostros
1269 3992 1384 4051 quoque
1400 3973 1527 4038 adAtrc·

358 4077 516 4138 batensem.
553 4080 627 4138 Item
640 4097 693 4140 nos
708 4081 746 4142 ad
760 4083 856 4143 omnia
875 4099 939 4157 quae
953 4083 1104 4157 imperium
1120 4087 1339 4158 concernerent,
1361 4088 1395 4143 ut
1410 4085 1527 4143 coeteros

357 4189 387 4244 et
400 4183 530 4244 membra
543 4186 656 4261 imperii
675 4204 728 4263 per
747 4187 884 4249 mandata
903 4205 1017 4265 semper
1031 4194 1148 4250 vocatos
1162 4187 1264 4265 luisse,
1285 4193 1418 4248 ashuere
1431 4185 1525 4249 voluit.

356 4290 428 4351 Item
443 4307 475 4350 se
489 4292 577 4367 scire,
599 4293 676 4366 quod
689 4293 763 4354 alita
778 4293 855 4371 apud
866 4296 1006 4369 judicium
1019 4311 1139 4356 camerae
1154 4301 1254 4356 contra
1269 4293 1468 4355 coloniensem
1483 4304 1525 4350 co·

259 4476 260 4479 Ἴ
355 4395 439 4456 mites
452 4399 588 4471 egissent.
632 4398 755 4460 Dixerat
773 4406 803 4460 ct
816 4401 893 4461 idem
908 4401 1056 4462 cattorum
1074 4401 1232 4476 prinoipem
1253 4399 1369 4473 quidem
1383 4398 1422 4459 ad
1442 4411 1524 4457 oasa·

356 4515 436 4563 ream
450 4504 642 4579 majestatem,
658 4510 756 4602 utoeos
771 4508 936 4581 comitatus,
953 4522 1024 4580 quos
1040 4523 1117 4566 nunc
1130 4506 1160 4566 in
1174 4505 1261 4568 feudo
1275 4506 1389 4580 babeat,
1405 4504 1446 4563 sic
1458 4498 1523 4562 retr·-

357 4619 428 4665 ncre
442 4613 552 4682 posset,
568 4610 699 4684 petitsse,
714 4615 746 4669 at
759 4609 903 4671 Oaesarem
917 4613 1079 4672 consentire
1095 4612 1229 4673 noluisse.

447 4710 673 4789 Supervenerat,
689 4713 757 4774 dum
770 4715 862 4774 nostri
876 4731 941 4775 cum
955 4716 1051 4792 Viglio
1065 4719 1304 4795 sermocinantur,
1324 4711 1519 4790 Ilmquardua

357 4826 422 4874 cum
436 4829 494 4890 quc
505 4815 639 4879 liberius
654 4820 691 4881 de
704 4821 786 4882 nobis
799 4838 859 4882 non
871 4823 1018 4886 insinuato
1031 4824 1168 4888 mandato
1189 4821 1378 4888 damnationis
1396 4816 1524 4884 almam
