3700 5692
875 704 920 769 87

309 891 460 953 limenius
473 891 573 968 itaque
592 889 859 963 recapitulationem
873 905 982 965 eornm,
1004 906 1067 963 quae
1083 890 1288 955 diedcminica
1300 894 1391 957 Lunae
1405 898 1484 961 Mer·

308 996 382 1057 curii
396 1001 428 1055 et
442 995 564 1055 Veneris
585 995 693 1069 elapsis
713 994 753 1053 ad
770 994 981 1067 praecedentem
999 1000 1109 1055 textum
1124 995 1322 1061 elucidandum
1337 1002 1483 1076 docuerat,

307 1100 399 1171 iecit,
424 1100 536 1161 Dehinc
559 1115 648 1174 qnare
663 1099 794 1159 Christus
814 1100 968 1173 discipulos
983 1102 1105 1161 mundos
1121 1118 1183 1162 esse
1203 1104 1324 1179 dixerit,
1348 1108 1482 1183 ostendit,

306 1205 489 1265 nimirnmob
498 1206 617 1265 verbum
632 1205 710 1279 quod
723 1203 885 1265 audierant.
907 1206 981 1265 Item
995 1208 1085 1265 movit
1094 1211 1289 1285 questionem,
1306 1228 1369 1286 que
1384 1218 1483 1274 ebrum

306 1310 462 1371 mundities
477 1327 539 1370 csse
555 1311 693 1385 potnerit,
714 1327 778 1369 cnm
793 1312 917 1384 apostoli
931 1312 1085 1373 ambitione
1100 1312 1274 1391 laborarent,
1300 1334 1389 1391 quare
1412 1324 1442 1379 et
1462 1335 1481 1380 a

306 1417 424 1477 domino
446 1405 572 1489 correpti
591 1421 660 1475 sunt
682 1416 753 1489 ipsis
775 1415 902 1477 dicente:
936 1416 1085 1491 Principes
1101 1420 1227 1493 gentium
1242 1421 1425 1483 dominantur
1439 1425 1481 1485 eis

304 1528 372 1596 cte,
389 1537 440 1581 vos
453 1526 550 1581 autem
564 1536 623 1579 non
638 1521 687 1579 sic.
719 1520 760 1580 Et
774 1536 838 1579 cum
852 1522 957 1581 iterato
972 1522 1008 1582 de
1023 1523 1123 1583 eedem
1138 1540 1170 1583 re
1186 1524 1374 1602 disputarent,
1399 1530 1478 1601 puel·

303 1627 365 1686 lum
379 1627 410 1685 in
425 1628 456 1685 in
469 1626 595 1685 medinm
610 1627 744 1685 statuerit
758 1632 812 1685 etc.
846 1626 920 1687 Hinc
936 1628 1023 1701 igitur
1037 1628 1129 1702 liquet
1144 1632 1298 1705 apostolos,
1321 1637 1349 1693 et
1364 1648 1421 1693 nou
1436 1650 1480 1695 so·

302 1732 365 1791 lum
380 1730 541 1806 apostolos,
565 1732 667 1791 sedet
689 1747 742 1791 nos
763 1748 861 1791 omnes
881 1733 941 1805 jam
963 1738 1022 1791 turn
1045 1734 1166 1795 mundos
1190 1751 1253 1797 esse
1273 1754 1325 1811 per
1346 1720 1480 1799 meritum

303 1836 415 1896 Christi
429 1842 460 1896 et
474 1836 593 1896 verbum
608 1838 671 1910 ejus
685 1835 743 1897 tide
756 1845 912 1914 receptum.
949 1841 1020 1899 Item
1037 1840 1114 1914 quod
1129 1839 1208 1901 Dens
1224 1859 1259 1902 ex
1273 1857 1353 1903 mera
1369 1849 1399 1905 et
1412 1860 1478 1919 gra-

303 1944 382 2002 tuita
396 1958 450 2001 sna
463 1942 669 2018 misericordia,
690 1945 875 2005 etiamsinon
889 1943 1017 2018 perfecta
1031 1946 1061 2003 in
1077 1945 1158 2003 nobis
1173 1948 1284 2018 puritas
1300 1950 1346 2022 sit,
1372 1948 1409 2009 ob
1423 1947 1478 2011 fili·

301 2065 352 2107 um
366 2062 421 2121 per
435 2048 653 2121 imputationem
673 2065 726 2121 pro
745 2050 859 2109 mundis
877 2066 931 2109 nos
946 2049 1064 2124 hebeat,
1081 2054 1111 2109 et
1125 2050 1203 2122 qnod
1218 2066 1301 2111 nemo
1317 2060 1478 2115 sanctornm

302 2168 435 2227 unquam
449 2151 523 2212 adeo
537 2150 680 2226 perlectus
694 2152 792 2229 tuerit,
808 2172 865 2228 quo
880 2155 954 2215 banc
962 2155 1129 2215 munditiem
1139 2144 1216 2214 omni
1231 2172 1267 2215 ex
1281 2164 1365 2230 parte
1379 2158 1409 2217 in
1424 2156 1479 2235 hoc

301 2257 411 2319 mundo
426 2262 575 2317 assecntus
589 2259 635 2332 sit,
651 2276 705 2319 nec
718 2275 788 2319 vera
803 2276 915 2333 quoquc
931 2260 1060 2333 ecclesie,
1073 2277 1138 2320 nam
1154 2262 1309 2321 necessitas
1319 2278 1382 2323 eam
1395 2271 1479 2339 urget

302 2362 435 2438 quotidie
449 2379 547 2423 orare:
562 2364 689 2424 Remitte
703 2365 785 2451 nobip
801 2363 897 2424 debita
911 2370 1019 2425 nostra.
1050 2366 1089 2425 Et
1103 2365 1156 2424 boc
1166 2366 1229 2425 loco
1244 2367 1335 2427 multa
1350 2370 1426 2429 seria
1441 2370 1477 2431 de

300 2468 428 2529 adverse
443 2467 563 2529 ccclesia
572 2470 652 2533 dixit.
677 2469 760 2542 Quod
775 2476 872 2531 autem
886 2471 928 2529 ait
942 2471 1089 2530 domium:
1115 2470 1181 2529 «ob
1196 2470 1323 2555 verbnm,
1340 2474 1417 2547 quod
1433 2475 1475 2535 lo·

300 2580 411 2649 quutns
428 2591 491 2633 sum
505 2574 617 2650 vobis»
635 2578 793 2639 notandum
803 2577 870 2636 binc
880 2581 934 2651 est,
951 2577 1028 2651 qnod
1044 2578 1153 2651 puritas
1163 2594 1221 2637 non
1235 2579 1352 2653 anobis,
1369 2582 1418 2654 qui
1427 2580 1475 2645 in·

300 2688 349 2741 tua
370 2684 403 2739 et
422 2680 454 2739 in
476 2685 542 2740 cute
555 2682 632 2741 vitiis
647 2681 810 2769 effluimus,
825 2681 910 2742 seda
924 2683 977 2742 viti
998 2684 1048 2743 illa
1063 2701 1132 2744 vera
1147 2686 1229 2745 nobis
1245 2685 1400 2759 contingat.
1437 2686 1478 2747 Et

299 2790 421 2861 propter
437 2786 555 2846 verbnm
569 2788 677 2862 inquit,
699 2788 777 2862 qnod
791 2788 928 2864 audistis,
954 2789 1063 2850 scilicet
1077 2808 1095 2851 a
1109 2806 1168 2865 me,
1193 2805 1250 2850 non
1265 2791 1302 2851 ob
1317 2790 1474 2864 quodlibet,

299 2891 411 2965 inquit,
434 2890 552 2952 verbum
574 2893 696 2978 demim,
720 2892 806 2968 idque
827 2894 956 2967 unicum,
982 2912 1040 2955 nen
1062 2895 1191 2970 judaicas
1215 2894 1393 2970 traditiones,
1418 2910 1476 2957 non

299 2996 506 3057 mahometicae
527 3000 703 3073 sanctones,
730 3016 788 3059 nou
810 2998 978 3059 Judoeornm
1001 3001 1131 3077 Talmut,
1148 3002 1286 3060 turcicum
1301 3000 1476 3061 Alcorannm

301 3102 348 3163 vel
362 3101 511 3178 pontificia
532 3104 650 3165 decreta
665 3111 719 3165 etc.
759 3105 874 3164 Docens
895 3121 981 3177 qnam
1002 3105 1074 3165 nihil
1088 3112 1170 3166 extra
1185 3110 1216 3165 ct
1229 3112 1336 3181 praeter
1358 3107 1475 3170 verbum

301 3209 348 3269 dei
368 3210 400 3267 in
413 3209 555 3285 religione
569 3211 627 3269 vim
640 3212 761 3285 habeat,
781 3209 820 3270 ab
835 3210 933 3270 oculos
952 3226 1060 3284 ponens
1075 3212 1177 3271 harum
1192 3228 1289 3271 rerum
1305 3213 1474 3273 antithesinl

300 3316 373 3375 Item
387 3316 425 3375 de
439 3331 494 3374 usn
508 3321 751 3376 sacramentorum
767 3321 797 3375 et
812 3314 848 3376 de
862 3314 907 3389 iis,
923 3331 987 3388 quae
1003 3316 1064 3395 sine
1080 3317 1168 3375 verbo
1179 3331 1232 3390 per
1248 3317 1376 3390 papistes
1391 3314 1473 3391 fiunt,

300 3420 375 3479 sicut
389 3422 487 3480 unctio
502 3427 631 3482 extrema
645 3421 734 3482 ethis
749 3421 861 3495 similia,
877 3436 949 3495 opus
959 3426 1106 3493 operatum
1122 3424 1152 3479 et
1163 3420 1360 3493 papioclerum
1374 3421 1475 3484 missas

299 3517 445 3600 rejiciens.
478 3525 574 3586 Multa
589 3544 624 3586 ex
638 3526 792 3601 Augustini
807 3519 922 3601 scriptis
938 3523 1093 3598 adducens,
1118 3524 1271 3598 exquibus
1287 3523 1475 3591 confirmabat

300 3626 421 3691 verbum
435 3648 495 3691 nun
509 3637 652 3693 mortuum
672 3649 774 3693 sonum
792 3633 873 3691 illum
894 3631 923 3689 in
938 3645 1022 3689 aures
1038 3635 1238 3704 penetrantem
1252 3635 1282 3688 et
1294 3632 1471 3703 tinnientem,

298 3738 350 3797 sed
365 3738 487 3799 verbum
501 3737 557 3800 fido
571 3740 783 3814 apprehensum
805 3746 835 3798 et
848 3752 922 3812 puro
938 3734 1024 3795 corde
1048 3741 1248 3798 conservatum
1262 3752 1314 3795 nos
1334 3736 1372 3795 ad
1388 3734 1470 3795 Chri·

298 3850 376 3904 mum
389 3841 560 3918 perducere.
583 3844 676 3906 Movit
689 3845 758 3903 item
773 3845 973 3917 questionem,
994 3841 1070 3915 quod
1091 3859 1149 3903 non
1172 3858 1273 3917 omncs,
1292 3840 1372 3902 verbi
1387 3842 1469 3903 audi·

297 3956 379 4011 tores
392 3948 493 4007 mnndi
507 3948 710 4024 redderentur,
727 3956 757 4010 et
771 3951 900 4025 exemplo
916 3948 1001 4009 Judac
1016 3948 1146 4009 Icariotis
1161 3948 1235 4008 hanc
1249 3950 1389 4013 rationem
1403 3946 1469 4011 red·

297 4056 389 4130 dens,
414 4055 491 4129 qnod
509 4055 602 4115 Judaa
624 4070 770 4129 nunquam
792 4072 829 4115 ex
842 4057 937 4115 animo
953 4054 1047 4115 verbis
1063 4053 1170 4113 Christi
1185 4054 1361 4115 adhesisset.
1400 4054 1469 4115 Per·

297 4164 445 4237 stringens
459 4176 574 4235 quoqne
589 4162 652 4235 ejus
666 4160 769 4223 farine
783 4162 941 4233 auditores,
962 4161 1089 4235 allegans
1106 4161 1213 4220 dictum
1219 4160 1388 4235 Augustini:
1404 4160 1471 4221 Non

296 4286 354 4330 uox
368 4267 524 4340 transiens,
541 4267 592 4327 sed
607 4268 715 4327 veritas
729 4282 878 4339 remanens
894 4273 948 4327 etc.
973 4267 1055 4340 Quod
1070 4282 1128 4326 non
1142 4266 1260 4325 verbum
1275 4267 1406 4325 anditum
1420 4263 1471 4325 eod

297 4374 419 4436 verbum
435 4373 575 4433 creditum
597 4375 660 4448 ejus
675 4390 760 4446 qnam
775 4372 888 4432 dinem
903 4373 1028 4445 energia
1044 4373 1093 4444 sit,
1116 4372 1192 4429 inter
1207 4370 1321 4442 reliqua
1333 4371 1471 4445 graphice

297 4481 449 4557 emphasin
462 4482 571 4539 voculae
585 4481 703 4541 «robis»
718 4480 765 4539 bic
774 4480 915 4555 appositae
927 4476 1071 4551 explicuit.
1095 4475 1123 4533 N
1125 4491 1163 4533 on
1178 4476 1254 4533 enim
1269 4474 1346 4547 quod
1360 4476 1469 4550 angelis

297 4588 344 4647 vel
358 4586 440 4660 ieris,
456 4586 509 4645 aed
523 4587 602 4659 qnod
616 4586 697 4646 vobis
712 4584 900 4658 praedicatur,
924 4585 1005 4645 vobis
1019 4584 1051 4641 in
1065 4579 1224 4655 proiectum
1238 4580 1323 4641 cedit.
1348 4582 1469 4643 Monens

297 4692 354 4767 iic,
371 4707 459 4765 quam
473 4706 531 4749 non
545 4690 723 4751 conducibile
745 4690 783 4750 sit
799 4690 831 4748 in
845 4690 1001 4763 peregrina
1016 4689 1114 4761 lingua
1134 4703 1198 4745 cnm
1212 4687 1411 4760 ignomntibne
1425 4687 1468 4748 lo·

300 4800 360 4874 qui,
384 4799 547 4873 mesenum
561 4797 639 4871 quod
650 4798 735 4871 juxta
749 4795 870 4857 Paulum
885 4794 981 4854 omnia
996 4795 1026 4853 in
1039 4792 1161 4868 proximi
1176 4790 1393 4853 aedificationem
1406 4791 1469 4853 fiori
