3700 5692
841 735 893 801 93«

272 913 483 977 caduceatores
501 931 569 976 suos
591 916 746 990 electores,
777 916 955 991 cardinales,
985 918 1228 993 archiepiscopos,
1252 920 1396 997 principes
1419 927 1448 983 et

271 1020 411 1094 quicquid
424 1007 550 1081 statuum
564 1021 678 1095 imperii
692 1020 832 1095 Augustae
851 1022 963 1097 aderat,
987 1023 1017 1081 in
1036 1023 1144 1096 palatio
1164 1024 1253 1097 ipsine
1274 1026 1376 1085 edesse
1396 1026 1446 1085 de-

269 1128 341 1187 bere
365 1126 465 1187 edixit.
503 1124 632 1187 Adicere
655 1124 756 1187 eodem
779 1131 910 1201 tempore
934 1132 964 1187 et
987 1128 1089 1187 milites
1117 1131 1221 1189 armati
1245 1147 1298 1204 pro
1322 1133 1447 1193 statione

269 1238 392 1293 stantes.
410 1231 484 1293 luit
499 1239 596 1293 autem
609 1230 687 1292 lama
701 1233 868 1293 interimens
883 1234 955 1293 illud
969 1235 1084 1293 interim
1099 1235 1252 1309 publicitus
1267 1235 1372 1296 ibidem
1387 1236 1446 1311 legi
1500 1280 1502 1284 .

268 1339 387 1399 debere.
419 1337 477 1397 Sed
491 1338 653 1411 videamus,
677 1341 794 1412 pestere
809 1339 880 1411 quid
894 1344 991 1413 portet
1006 1341 1063 1399 lux.

359 1444 491 1505 Eubulus
506 1443 585 1517 apud
600 1442 744 1502 dominnm
758 1449 886 1503 nostram
906 1447 1065 1519 principem
1084 1446 1217 1518 coenavit,
1241 1445 1290 1505 nbi
1309 1444 1446 1519 principis

263 1550 429 1609 onnsssierii
457 1545 598 1623 Georgius
628 1566 647 1607 a
673 1547 880 1624 Beumelburg,
908 1551 938 1616 ll.
968 1552 1083 1625 doctor,
1114 1550 1255 1611 Melchior
1282 1567 1300 1609 a
1327 1551 1446 1609 Horstel

266 1652 426 1729 praelectus
441 1652 574 1728 Calcidis,
595 1652 736 1727 Georgius
752 1670 768 1713 a
784 1655 934 1731 Molsburg
949 1663 1081 1731 senapas
1095 1657 1125 1715 iu
1140 1656 1275 1730 Lyciluco
1290 1671 1342 1715 seu
1356 1656 1446 1715 mavis

265 1757 443 1835 anilhagcu
462 1760 576 1827 Hassiae
598 1774 713 1833 quoque
734 1759 865 1821 aderant
902 1760 930 1819 A
951 1777 1034 1822 coena
1055 1762 1171 1821 domina
1192 1760 1338 1821 christiin
1355 1760 1386 1819 in
1400 1758 1444 1819 fa·

265 1866 374 1926 miliari
396 1865 540 1938 coboquio
559 1861 687 1924 Volrado
706 1865 814 1939 retulit,
838 1864 982 1927 domimm
1002 1864 1187 1927 catharinam
1208 1883 1321 1927 socrum
1340 1866 1446 1925 Eubuli

266 1977 296 2031 et
307 1972 406 2046 ipsam
423 1968 596 2029 Obristinam
610 1970 750 2043 sanguine
762 1971 878 2043 junctas
898 1987 970 2045 esse,
994 1973 1102 2033 excidit
1121 1976 1216 2031 eutem
1238 1972 1323 2032 modo
1344 1988 1401 2045 qno
1415 1972 1445 2030 in

264 2076 370 2151 grcdn
410 2073 527 2135 Certum
554 2081 600 2135 est
624 2080 721 2135 eutem
743 2093 779 2137 ex
800 2075 1066 2152 brandenburgensi
1088 2078 1172 2137 domn
1199 2076 1275 2137 banc
1297 2077 1444 2151 sanguinis

265 2198 368 2243 earum
380 2182 561 2255 junctionem
574 2197 647 2242 esse.

356 2288 470 2349 Eodem
491 2288 649 2361 plagiarius
670 2286 786 2361 quidam
805 2288 943 2350 advectus
962 2296 1018 2364 est,
1043 2291 1092 2364 qui
1111 2291 1251 2365 quosdam
1270 2296 1443 2351 mercatores

263 2395 293 2455 in
309 2396 424 2455 ditione
443 2391 616 2453 marchionis
637 2392 752 2453 Alberti
771 2395 920 2469 spoliarat,
944 2396 1010 2457 licet
1030 2397 1129 2456 Norici
1150 2398 1226 2458 cives
1246 2396 1276 2453 in
1291 2388 1342 2456 suo
1356 2397 1442 2455 teni·

263 2497 390 2561 torio'id
404 2498 512 2559 iactum
527 2498 656 2558 dicerent
670 2514 704 2558 ac
715 2499 881 2574 predonem
896 2500 1185 2575 comprehendissent.
1216 2500 1332 2559 Mature
1347 2506 1443 2559 autem

264 2606 367 2667 Caesar
378 2605 573 2665 interveniens
586 2605 729 2664 bominem
744 2605 800 2663 huc
813 2605 972 2677 Angustam
986 2607 1024 2667 ad
1039 2605 1219 2681 plectendum
1234 2604 1336 2665 advehi
1348 2604 1442 2678 jussit.

355 2711 480 2771 Domine
501 2712 587 2785 lesu,
611 2708 678 2769 dum
698 2708 884 2770 fabricatores
906 2712 986 2787 impii
1009 2709 1150 2772 fabricant
1172 2712 1300 2785 interim,
1325 2715 1356 2773 tu
1378 2710 1443 2769 veni

264 2819 381 2877 interea
395 2822 426 2876 et
440 2834 493 2877 uos
508 2834 593 2877 serva
606 2816 645 2875 ab
660 2816 793 2875 intricate
808 2817 922 2876 interim
939 2834 1048 2892 nosque
1063 2818 1150 2877 verbo
1165 2824 1215 2877 tuo
1231 2832 1325 2892 pesce.
1447 2861 1451 2872 .

356 2922 529 2983 catechismi
549 2922 744 2997 frequentatio
765 2922 820 2980 hic*
833 2938 886 2996 per
904 2940 1018 2983 menses
1040 2924 1150 2998 aliquot
1170 2925 1206 2985 ob
1229 2921 1442 2997 improbitatem

263 3030 345 3104 vulgi
359 3030 509 3101 iberorum
524 3029 687 3088 intermissa
701 3032 755 3087 cst.

334 3133 468 3195 .Eedem
489 3152 508 3193 n
528 3132 673 3193 nonnullis
695 3132 778 3191 nohis
800 3132 906 3193 dictum
929 3138 987 3208 est,
1020 3132 1216 3195 Coloniensem
1239 3148 1270 3193 se
1294 3132 1440 3206 obtulisse,

264 3244 288 3300 si
303 3242 425 3303 comites
440 3238 620 3299 Wuldeciani
635 3239 728 3312 ipsum
742 3235 831 3297 affatu
850 3237 1051 3312 dignarentur,
1076 3238 1154 3312 apud
1169 3236 1312 3297 Cererem
1331 3256 1385 3313 pro
1405 3238 1442 3297 iis
1562 3283 1565 3292 .

264 3345 447 3407 intercedere
462 3362 494 3405 se
508 3345 591 3405 velle.

356 3452 528 3512 Ghunrndus
550 3468 569 3511 a
590 3449 786 3523 Beu'melburg
805 3466 892 3523 eques
912 3466 963 3509 sex
981 3448 1071 3507 millis
1093 3446 1219 3523 peditum
1243 3448 1281 3506 ud
1304 3446 1443 3513 merenda

264 3558 411 3635 stipendia
428 3559 512 3632 jussu
533 3557 654 3616 Gesseris
675 3556 822 3617 conduxit.
852 3555 1106 3629 Argentoratensis
1125 3568 1195 3627 ager
1215 3551 1390 3627 pedetentim
1405 3548 1441 3613 ab

264 3666 358 3726 iberis
372 3666 435 3740 peti
451 3663 564 3724 dicitur.

354 3771 403 3845 xvj
423 3770 497 3843 hlaji
515 3773 583 3827 aute
602 3768 731 3841 quintam
751 3772 893 3827 mercator
913 3763 1028 3840 qnidam
1049 3764 1134 3839 uenit,
1158 3763 1256 3824 velens
1276 3763 1441 3838 gradarium

265 3894 361 3939 meum
375 3893 484 3950 emere,
508 3891 608 3934 rernm
622 3872 694 3932 nihil
708 3872 785 3932 inter
800 3890 852 3933 nos
867 3876 1036 3932 conventum
1052 3876 1104 3930 est.

356 3982 441 4055 Quod
455 3979 625 4054 interimit,
648 3978 709 4038 fere
729 3983 836 4052 praeter
850 3976 980 4037 ordinem
998 3974 1040 4036 fit.
1071 3977 1163 4051 Igitur
1183 3980 1213 4035 et
1232 3976 1294 4035 beri
1313 3976 1386 4036 nihil
1405 3974 1442 4035 de

265 4090 382 4149 intemm
400 4088 451 4148 iilo
473 4086 580 4147 inmun
601 4091 655 4144 est.
692 4084 764 4142 llaec
783 4088 878 4145 autem
898 4084 1058 4158 accepimus
1080 4099 1099 4142 a
1121 4080 1225 4143 Oarnlo
1248 4099 1267 4141 e
1288 4081 1440 4154 stocheim,

266 4196 328 4255 heri
347 4194 428 4270 apud
450 4194 589 4253 electores
611 4197 640 4250 et
657 4193 750 4250 status
769 4189 882 4263 imperii
902 4187 1046 4249 Caesarem
1065 4188 1266 4263 inpraesentia
1283 4184 1441 4245 hatrissni

265 4299 454 4374 Fordiuuudi,
476 4300 679 4370 Romanorum,
702 4295 859 4369 Hunguriae
879 4300 909 4353 et
921 4294 1067 4355 Bchemiae
1082 4294 1169 4369 regis,
1192 4308 1245 4367 per
1260 4290 1441 4351 archiducem

267 4404 496 4466 Maximilianum
518 4404 698 4479 exposuisse,
726 4400 869 4475 quomodo
892 4405 922 4458 et
944 4416 1016 4473 quas
1038 4399 1075 4458 ob
1098 4414 1199 4459 causas
1222 4402 1252 4456 et
1273 4395 1351 4470 qnod
1372 4410 1439 4453 con·

266 4513 373 4573 eordiae
388 4512 485 4587 gratia
499 4515 528 4570 et
542 4514 664 4585 paterno
678 4508 709 4566 in
723 4506 847 4579 ραῑιίωη
862 4504 1044 4565 Germaniam
1060 4502 1163 4563 affectu
1173 4501 1289 4583 interim
1302 4499 1358 4560 hoc
1371 4514 1440 4559 con·

267 4619 353 4679 scribi
368 4616 498 4692 iusserit,
521 4614 642 4675 maxime
661 4628 732 4673 vero
747 4628 811 4672 cum
825 4611 855 4671 id
869 4608 988 4671 sicheri
1007 4608 1134 4668 unanimi
1155 4622 1294 4667 consensu
1316 4606 1353 4666 ab
1368 4605 1440 4664 elec·

266 4725 387 4798 toribus,
410 4721 586 4798 principibus
600 4723 631 4778 et
645 4718 765 4779 statibus
779 4717 892 4793 imperii
906 4716 1025 4791 petitum
1047 4715 1094 4774 sit.
1126 4715 1249 4787 Exigere
1269 4712 1357 4786 igitur
1377 4709 1439 4769 Cae·

268 4844 380 4891 suream
398 4826 580 4904 majmtatem
598 4826 636 4885 ah
650 4824 821 4885 electoribus
840 4819 1038 4883 ecclesiasticis
1058 4824 1089 4879 et
1107 4818 1283 4880 secularibus
1302 4815 1440 4893 principi·
