<?xml version="1.0" encoding="UTF-8"?>
<!DOCTYPE html PUBLIC "-//W3C//DTD XHTML 1.0 Transitional//EN"
    "http://www.w3.org/TR/xhtml1/DTD/xhtml1-transitional.dtd">
<html xmlns="http://www.w3.org/1999/xhtml" xml:lang="en" lang="en">
 <head>
  <title>
</title>
<meta http-equiv="Content-Type" content="text/html;charset=utf-8" />
  <meta name='ocr-system' content='tesseract 3.04.00' />
  <meta name='ocr-capabilities' content='ocr_page ocr_carea ocr_par ocr_line ocrx_word'/>
</head>
<body>
  <div class='ocr_page' id='page_1' title='image "./scherzgedichte01laurgoog_0356.png"; bbox 0 0 3700 5692; ppageno 0'>
   <div class='ocr_carea' id='block_1_1' title="bbox 896 727 940 804">
    <p class='ocr_par' dir='ltr' id='par_1_1' title="bbox 896 727 940 804">
     <span class='ocr_line' id='line_1_1' title="bbox 896 727 940 804; baseline -0.045 0"><span class='ocrx_word' id='word_1_1' title='bbox 896 727 940 804; x_wconf 76' lang='grc'>13</span> 
     </span>
    </p>
   </div>
   <div class='ocr_carea' id='block_1_2' title="bbox 317 914 1506 4702">
    <p class='ocr_par' dir='ltr' id='par_1_2' title="bbox 406 914 1451 999">
     <span class='ocr_line' id='line_1_2' title="bbox 406 914 1451 999; baseline 0.002 -19"><span class='ocrx_word' id='word_1_2' title='bbox 406 915 526 980; x_wconf 72' lang='lat' dir='ltr'>Eodem</span> <span class='ocrx_word' id='word_1_3' title='bbox 540 919 572 978; x_wconf 91' lang='lat' dir='ltr'>in</span> <span class='ocrx_word' id='word_1_4' title='bbox 584 914 709 992; x_wconf 85' lang='lat' dir='ltr'>hospitio</span> <span class='ocrx_word' id='word_1_5' title='bbox 723 920 908 983; x_wconf 73' lang='lat' dir='ltr'>coenavimus</span> <span class='ocrx_word' id='word_1_6' title='bbox 931 917 1003 980; x_wconf 79' lang='lat' dir='ltr'>(lum</span> <span class='ocrx_word' id='word_1_7' title='bbox 1018 916 1187 982; x_wconf 78' lang='lat' dir='ltr'>coloniense</span> <span class='ocrx_word' id='word_1_8' title='bbox 1201 920 1335 999; x_wconf 22' lang='lat' dir='ltr'>mmlregi</span> <span class='ocrx_word' id='word_1_9' title='bbox 1349 923 1451 998; x_wconf 90' lang='lat' dir='ltr'>potuit.</span> 
     </span>
    </p>

    <p class='ocr_par' dir='ltr' id='par_1_3' title="bbox 324 1023 1506 1297">
     <span class='ocr_line' id='line_1_3' title="bbox 416 1023 1506 1105; baseline 0.006 -20"><span class='ocrx_word' id='word_1_10' title='bbox 416 1024 571 1086; x_wconf 85' lang='lat' dir='ltr'>Odomine</span> <span class='ocrx_word' id='word_1_11' title='bbox 584 1023 678 1101; x_wconf 85' lang='lat' dir='ltr'>Deus,</span> <span class='ocrx_word' id='word_1_12' title='bbox 702 1027 753 1100; x_wconf 88' lang='lat' dir='ltr'>qui</span> <span class='ocrx_word' id='word_1_13' title='bbox 766 1026 844 1087; x_wconf 90' lang='lat' dir='ltr'>solus</span> <span class='ocrx_word' id='word_1_14' title='bbox 863 1025 993 1101; x_wconf 89' lang='lat' dir='ltr'>sapiens,</span> <span class='ocrx_word' id='word_1_15' title='bbox 1017 1025 1096 1087; x_wconf 90' lang='lat' dir='ltr'>solus</span> <span class='ocrx_word' id='word_1_16' title='bbox 1114 1031 1232 1103; x_wconf 89' lang='lat' dir='ltr'>potens,</span> <span class='ocrx_word' id='word_1_17' title='bbox 1254 1026 1356 1105; x_wconf 77' lang='lat' dir='ltr'>hange</span> <span class='ocrx_word' id='word_1_18' title='bbox 1378 1026 1506 1090; x_wconf 82' lang='lat' dir='ltr'>furorem</span> 
     </span>
     <span class='ocr_line' id='line_1_4' title="bbox 324 1127 1504 1209; baseline 0.005 -18"><span class='ocrx_word' id='word_1_19' title='bbox 324 1131 517 1207; x_wconf 85' lang='lat' dir='ltr'>unicornium,</span> <span class='ocrx_word' id='word_1_20' title='bbox 537 1129 576 1191; x_wconf 89' lang='lat' dir='ltr'>da</span> <span class='ocrx_word' id='word_1_21' title='bbox 588 1129 646 1190; x_wconf 87' lang='lat' dir='ltr'>lide</span> <span class='ocrx_word' id='word_1_22' title='bbox 660 1135 690 1191; x_wconf 89' lang='lat' dir='ltr'>et</span> <span class='ocrx_word' id='word_1_23' title='bbox 703 1127 823 1194; x_wconf 80' lang='lat' dir='ltr'>ferendo</span> <span class='ocrx_word' id='word_1_24' title='bbox 837 1132 934 1194; x_wconf 90' lang='lat' dir='ltr'>omnia</span> <span class='ocrx_word' id='word_1_25' title='bbox 948 1147 1086 1208; x_wconf 88' lang='lat' dir='ltr'>superare</span> <span class='ocrx_word' id='word_1_26' title='bbox 1101 1149 1153 1208; x_wconf 89' lang='lat' dir='ltr'>per</span> <span class='ocrx_word' id='word_1_27' title='bbox 1167 1132 1267 1194; x_wconf 86' lang='lat' dir='ltr'>Jesum</span> <span class='ocrx_word' id='word_1_28' title='bbox 1283 1133 1436 1209; x_wconf 78' lang='lat' dir='ltr'>Christum,</span> <span class='ocrx_word' id='word_1_29' title='bbox 1452 1132 1504 1197; x_wconf 90' lang='lat' dir='ltr'>do·</span> 
     </span>
     <span class='ocr_line' id='line_1_5' title="bbox 325 1238 594 1297; baseline -0.004 0"><span class='ocrx_word' id='word_1_30' title='bbox 325 1238 436 1297; x_wconf 87' lang='lat' dir='ltr'>minum</span> <span class='ocrx_word' id='word_1_31' title='bbox 449 1238 594 1297; x_wconf 75' lang='lat' dir='ltr'>noshuml</span> 
     </span>
    </p>

    <p class='ocr_par' dir='ltr' id='par_1_4' title="bbox 322 1340 1505 1736">
     <span class='ocr_line' id='line_1_6' title="bbox 414 1340 1505 1421; baseline 0.001 -17"><span class='ocrx_word' id='word_1_32' title='bbox 414 1341 586 1404; x_wconf 73' lang='lat' dir='ltr'>wilhelmus</span> <span class='ocrx_word' id='word_1_33' title='bbox 605 1340 704 1416; x_wconf 72' lang='lat' dir='ltr'>iunior</span> <span class='ocrx_word' id='word_1_34' title='bbox 725 1355 821 1402; x_wconf 88' lang='lat' dir='ltr'>comes</span> <span class='ocrx_word' id='word_1_35' title='bbox 842 1341 880 1402; x_wconf 85' lang='lat' dir='ltr'>ds</span> <span class='ocrx_word' id='word_1_36' title='bbox 899 1341 1095 1420; x_wconf 75' lang='lat' dir='ltr'>Wstgenstein</span> <span class='ocrx_word' id='word_1_37' title='bbox 1116 1361 1272 1421; x_wconf 75' lang='lat' dir='ltr'><strong>persuasus</strong></span> <span class='ocrx_word' id='word_1_38' title='bbox 1294 1362 1313 1408; x_wconf 89' lang='lat' dir='ltr'>a</span> <span class='ocrx_word' id='word_1_39' title='bbox 1335 1343 1505 1408; x_wconf 79' lang='lat' dir='ltr'>Remhsrdo</span> 
     </span>
     <span class='ocr_line' id='line_1_7' title="bbox 322 1444 1505 1526; baseline 0.001 -18"><span class='ocrx_word' id='word_1_40' title='bbox 322 1449 429 1508; x_wconf 88' lang='lat' dir='ltr'>comite</span> <span class='ocrx_word' id='word_1_41' title='bbox 451 1464 470 1508; x_wconf 93' lang='lat' dir='ltr'>a</span> <span class='ocrx_word' id='word_1_42' title='bbox 489 1447 582 1508; x_wconf 88' lang='lat' dir='ltr'>Solms</span> <span class='ocrx_word' id='word_1_43' title='bbox 603 1462 635 1506; x_wconf 92' lang='lat' dir='ltr'>se</span> <span class='ocrx_word' id='word_1_44' title='bbox 656 1446 751 1522; x_wconf 92' lang='lat' dir='ltr'>ipsum</span> <span class='ocrx_word' id='word_1_45' title='bbox 769 1444 909 1520; x_wconf 75' lang='lat' dir='ltr'>Anguste</span> <span class='ocrx_word' id='word_1_46' title='bbox 932 1450 963 1508; x_wconf 91' lang='lat' dir='ltr'>iu</span> <span class='ocrx_word' id='word_1_47' title='bbox 984 1463 1100 1510; x_wconf 85' lang='lat' dir='ltr'>naseam</span> <span class='ocrx_word' id='word_1_48' title='bbox 1121 1451 1224 1526; x_wconf 90' lang='lat' dir='ltr'>mittit,</span> <span class='ocrx_word' id='word_1_49' title='bbox 1248 1453 1378 1513; x_wconf 81' lang='lat' dir='ltr'>nesdeus</span> <span class='ocrx_word' id='word_1_50' title='bbox 1400 1465 1505 1511; x_wconf 90' lang='lat' dir='ltr'>nomen</span> 
     </span>
     <span class='ocr_line' id='line_1_8' title="bbox 322 1553 1502 1633; baseline 0.003 -20"><span class='ocrx_word' id='word_1_51' title='bbox 322 1569 409 1614; x_wconf 90' lang='lat' dir='ltr'>suum</span> <span class='ocrx_word' id='word_1_52' title='bbox 420 1554 453 1613; x_wconf 95' lang='lat' dir='ltr'>in</span> <span class='ocrx_word' id='word_1_53' title='bbox 465 1554 629 1629; x_wconf 76' lang='lat' dir='ltr'>eatnlogmn</span> <span class='ocrx_word' id='word_1_54' title='bbox 643 1563 768 1627; x_wconf 83' lang='lat' dir='ltr'>eorum,</span> <span class='ocrx_word' id='word_1_55' title='bbox 777 1568 850 1626; x_wconf 83' lang='lat' dir='ltr'>quos</span> <span class='ocrx_word' id='word_1_56' title='bbox 864 1553 1038 1616; x_wconf 71' lang='lat' dir='ltr'>rebellantes</span> <span class='ocrx_word' id='word_1_57' title='bbox 1056 1553 1124 1618; x_wconf 84' lang='lat' dir='ltr'>fidei</span> <span class='ocrx_word' id='word_1_58' title='bbox 1139 1560 1169 1617; x_wconf 91' lang='lat' dir='ltr'>et</span> <span class='ocrx_word' id='word_1_59' title='bbox 1180 1557 1302 1632; x_wconf 78' lang='lat' dir='ltr'>justitie</span> <span class='ocrx_word' id='word_1_60' title='bbox 1317 1573 1370 1633; x_wconf 92' lang='lat' dir='ltr'>pro</span> <span class='ocrx_word' id='word_1_61' title='bbox 1384 1556 1502 1618; x_wconf 88' lang='lat' dir='ltr'>rebelli·</span> 
     </span>
     <span class='ocr_line' id='line_1_9' title="bbox 322 1658 717 1736; baseline -0.008 -15"><span class='ocrx_word' id='word_1_62' title='bbox 322 1661 380 1721; x_wconf 87' lang='lat' dir='ltr'>bos</span> <span class='ocrx_word' id='word_1_63' title='bbox 393 1659 517 1734; x_wconf 83' lang='lat' dir='ltr'>ducunt,</span> <span class='ocrx_word' id='word_1_64' title='bbox 532 1658 717 1736; x_wconf 87' lang='lat' dir='ltr'>adscriptum.</span> 
     </span>
    </p>

    <p class='ocr_par' dir='ltr' id='par_1_5' title="bbox 317 1763 1503 2693">
     <span class='ocr_line' id='line_1_10' title="bbox 412 1763 1502 1844; baseline 0.002 -18"><span class='ocrx_word' id='word_1_65' title='bbox 412 1764 506 1826; x_wconf 76' lang='lat' dir='ltr'>laissa</span> <span class='ocrx_word' id='word_1_66' title='bbox 520 1770 566 1826; x_wconf 90' lang='lat' dir='ltr'>est</span> <span class='ocrx_word' id='word_1_67' title='bbox 578 1764 658 1824; x_wconf 76' lang='lat' dir='ltr'>bash</span> <span class='ocrx_word' id='word_1_68' title='bbox 671 1763 773 1826; x_wconf 83' lang='lat' dir='ltr'>saluh‘s</span> <span class='ocrx_word' id='word_1_69' title='bbox 786 1770 904 1841; x_wconf 65' lang='lat' dir='ltr'>nostrae</span> <span class='ocrx_word' id='word_1_70' title='bbox 920 1765 946 1825; x_wconf 95' lang='lat' dir='ltr'>si</span> <span class='ocrx_word' id='word_1_71' title='bbox 960 1766 1016 1826; x_wconf 89' lang='lat' dir='ltr'>rite</span> <span class='ocrx_word' id='word_1_72' title='bbox 1032 1766 1202 1844; x_wconf 78' lang='lat' dir='ltr'>celebretur,</span> <span class='ocrx_word' id='word_1_73' title='bbox 1219 1785 1287 1832; x_wconf 89' lang='lat' dir='ltr'>nam</span> <span class='ocrx_word' id='word_1_74' title='bbox 1301 1769 1333 1828; x_wconf 90' lang='lat' dir='ltr'>in</span> <span class='ocrx_word' id='word_1_75' title='bbox 1347 1785 1384 1830; x_wconf 86' lang='lat' dir='ltr'>es</span> <span class='ocrx_word' id='word_1_76' title='bbox 1397 1768 1502 1844; x_wconf 87' lang='lat' dir='ltr'>accipi-</span> 
     </span>
     <span class='ocr_line' id='line_1_11' title="bbox 322 1869 1502 1952; baseline 0.002 -21"><span class='ocrx_word' id='word_1_77' title='bbox 322 1888 388 1932; x_wconf 89' lang='lat' dir='ltr'>mus</span> <span class='ocrx_word' id='word_1_78' title='bbox 405 1869 438 1931; x_wconf 93' lang='lat' dir='ltr'>id</span> <span class='ocrx_word' id='word_1_79' title='bbox 456 1870 535 1946; x_wconf 90' lang='lat' dir='ltr'>quod</span> <span class='ocrx_word' id='word_1_80' title='bbox 556 1869 688 1930; x_wconf 86' lang='lat' dir='ltr'>deminus</span> <span class='ocrx_word' id='word_1_81' title='bbox 700 1871 788 1931; x_wconf 87' lang='lat' dir='ltr'>Jesus</span> <span class='ocrx_word' id='word_1_82' title='bbox 806 1871 891 1932; x_wconf 91' lang='lat' dir='ltr'>nobis</span> <span class='ocrx_word' id='word_1_83' title='bbox 909 1873 1056 1948; x_wconf 82' lang='lat' dir='ltr'>promisit,</span> <span class='ocrx_word' id='word_1_84' title='bbox 1078 1873 1154 1948; x_wconf 89' lang='lat' dir='ltr'>qnod</span> <span class='ocrx_word' id='word_1_85' title='bbox 1176 1872 1235 1936; x_wconf 89' lang='lat' dir='ltr'>fide</span> <span class='ocrx_word' id='word_1_86' title='bbox 1255 1874 1502 1952; x_wconf 77' lang='lat' dir='ltr'>apprehendentes</span> 
     </span>
     <span class='ocr_line' id='line_1_12' title="bbox 321 1977 1503 2054; baseline 0.002 -17"><span class='ocrx_word' id='word_1_87' title='bbox 321 1978 412 2037; x_wconf 83' lang='lat' dir='ltr'>vitam</span> <span class='ocrx_word' id='word_1_88' title='bbox 425 1977 628 2051; x_wconf 70' lang='lat' dir='ltr'>consequimur</span> <span class='ocrx_word' id='word_1_89' title='bbox 646 1977 859 2050; x_wconf 83' lang='lat' dir='ltr'>sempiternam.</span> <span class='ocrx_word' id='word_1_90' title='bbox 896 1977 951 2037; x_wconf 78' lang='lat' dir='ltr'>ilis</span> <span class='ocrx_word' id='word_1_91' title='bbox 971 1977 1067 2038; x_wconf 74' lang='lat' dir='ltr'>vmbis</span> <span class='ocrx_word' id='word_1_92' title='bbox 1082 1979 1129 2040; x_wconf 86' lang='lat' dir='ltr'>W.</span> <span class='ocrx_word' id='word_1_93' title='bbox 1146 1979 1179 2039; x_wconf 83' lang='lat'>0.</span> <span class='ocrx_word' id='word_1_94' title='bbox 1203 1979 1271 2040; x_wconf 89' lang='lat' dir='ltr'>dum</span> <span class='ocrx_word' id='word_1_95' title='bbox 1286 1979 1403 2054; x_wconf 84' lang='lat' dir='ltr'>quidum</span> <span class='ocrx_word' id='word_1_96' title='bbox 1417 1978 1503 2039; x_wconf 80' lang='lat' dir='ltr'>aulici</span> 
     </span>
     <span class='ocr_line' id='line_1_13' title="bbox 321 2081 1502 2161; baseline 0 -19"><span class='ocrx_word' id='word_1_97' title='bbox 321 2081 442 2142; x_wconf 83' lang='lat' dir='ltr'>semidei</span> <span class='ocrx_word' id='word_1_98' title='bbox 453 2097 561 2144; x_wconf 81' lang='lat' dir='ltr'>mensae</span> <span class='ocrx_word' id='word_1_99' title='bbox 575 2099 637 2142; x_wconf 81' lang='lat' dir='ltr'>suae</span> <span class='ocrx_word' id='word_1_100' title='bbox 651 2083 811 2144; x_wconf 86' lang='lat' dir='ltr'>assidentes</span> <span class='ocrx_word' id='word_1_101' title='bbox 826 2084 1057 2161; x_wconf 83' lang='lat' dir='ltr'>querularentur,</span> <span class='ocrx_word' id='word_1_102' title='bbox 1073 2085 1164 2146; x_wconf 89' lang='lat' dir='ltr'>multe</span> <span class='ocrx_word' id='word_1_103' title='bbox 1178 2088 1307 2146; x_wconf 89' lang='lat' dir='ltr'>enormia</span> <span class='ocrx_word' id='word_1_104' title='bbox 1321 2086 1457 2146; x_wconf 88' lang='lat' dir='ltr'>anostris</span> <span class='ocrx_word' id='word_1_105' title='bbox 1471 2085 1502 2142; x_wconf 93' lang='lat' dir='ltr'>in</span> 
     </span>
     <span class='ocr_line' id='line_1_14' title="bbox 321 2186 1502 2265; baseline -0.002 -15"><span class='ocrx_word' id='word_1_106' title='bbox 321 2203 390 2250; x_wconf 86' lang='lat' dir='ltr'>suas</span> <span class='ocrx_word' id='word_1_107' title='bbox 402 2190 506 2250; x_wconf 87' lang='lat' dir='ltr'>missas</span> <span class='ocrx_word' id='word_1_108' title='bbox 517 2189 637 2264; x_wconf 68' lang='lat' dir='ltr'>padari,</span> <span class='ocrx_word' id='word_1_109' title='bbox 657 2190 885 2265; x_wconf 78' lang='lat' dir='ltr'>perstringentes</span> <span class='ocrx_word' id='word_1_110' title='bbox 896 2186 909 2227; x_wconf 88' lang='lat'>¹</span> <span class='ocrx_word' id='word_1_111' title='bbox 932 2191 1090 2252; x_wconf 76' lang='lat' dir='ltr'>Martium</span> <span class='ocrx_word' id='word_1_112' title='bbox 1104 2191 1262 2252; x_wconf 78' lang='lat' dir='ltr'>Freohtum</span> <span class='ocrx_word' id='word_1_113' title='bbox 1275 2191 1368 2252; x_wconf 83' lang='lat' dir='ltr'>Ulmoe</span> <span class='ocrx_word' id='word_1_114' title='bbox 1383 2195 1414 2251; x_wconf 91' lang='lat' dir='ltr'>et</span> <span class='ocrx_word' id='word_1_115' title='bbox 1428 2189 1502 2250; x_wconf 87' lang='lat' dir='ltr'>alios</span> 
     </span>
     <span class='ocr_line' id='line_1_15' title="bbox 320 2293 1501 2372; baseline -0.003 -16"><span class='ocrx_word' id='word_1_116' title='bbox 320 2296 433 2370; x_wconf 88' lang='lat' dir='ltr'>aliquot</span> <span class='ocrx_word' id='word_1_117' title='bbox 448 2294 688 2370; x_wconf 84' lang='lat' dir='ltr'>perstringentes,</span> <span class='ocrx_word' id='word_1_118' title='bbox 712 2295 761 2355; x_wconf 89' lang='lat' dir='ltr'>ille</span> <span class='ocrx_word' id='word_1_119' title='bbox 781 2297 937 2357; x_wconf 85' lang='lat' dir='ltr'>crabrones</span> <span class='ocrx_word' id='word_1_120' title='bbox 958 2298 1076 2358; x_wconf 87' lang='lat' dir='ltr'>irritare</span> <span class='ocrx_word' id='word_1_121' title='bbox 1095 2297 1210 2372; x_wconf 89' lang='lat' dir='ltr'>uolens,</span> <span class='ocrx_word' id='word_1_122' title='bbox 1234 2295 1349 2358; x_wconf 79' lang='lat' dir='ltr'>onmem</span> <span class='ocrx_word' id='word_1_123' title='bbox 1362 2295 1438 2354; x_wconf 90' lang='lat' dir='ltr'>hanc</span> <span class='ocrx_word' id='word_1_124' title='bbox 1451 2293 1501 2354; x_wconf 92' lang='lat' dir='ltr'>ob-</span> 
     </span>
     <span class='ocr_line' id='line_1_16' title="bbox 317 2398 1501 2479; baseline 0.002 -20"><span class='ocrx_word' id='word_1_125' title='bbox 317 2401 404 2476; x_wconf 70' lang='lat' dir='ltr'>iecit,</span> <span class='ocrx_word' id='word_1_126' title='bbox 426 2417 487 2461; x_wconf 92' lang='lat' dir='ltr'>non</span> <span class='ocrx_word' id='word_1_127' title='bbox 499 2406 560 2462; x_wconf 87' lang='lat' dir='ltr'>tam</span> <span class='ocrx_word' id='word_1_128' title='bbox 573 2416 631 2475; x_wconf 87' lang='lat' dir='ltr'>qno</span> <span class='ocrx_word' id='word_1_129' title='bbox 646 2398 765 2462; x_wconf 78' lang='lat' dir='ltr'>Cerberi</span> <span class='ocrx_word' id='word_1_130' title='bbox 779 2400 897 2461; x_wconf 85' lang='lat' dir='ltr'>buccam</span> <span class='ocrx_word' id='word_1_131' title='bbox 916 2402 1061 2478; x_wconf 90' lang='lat' dir='ltr'>impleret,</span> <span class='ocrx_word' id='word_1_132' title='bbox 1084 2418 1171 2478; x_wconf 87' lang='lat' dir='ltr'>quam</span> <span class='ocrx_word' id='word_1_133' title='bbox 1191 2418 1249 2477; x_wconf 89' lang='lat' dir='ltr'>qno</span> <span class='ocrx_word' id='word_1_134' title='bbox 1268 2404 1317 2479; x_wconf 94' lang='lat' dir='ltr'>pio</span> <span class='ocrx_word' id='word_1_135' title='bbox 1337 2401 1403 2464; x_wconf 89' lang='lat' dir='ltr'>dolo</span> <span class='ocrx_word' id='word_1_136' title='bbox 1423 2399 1501 2461; x_wconf 90' lang='lat' dir='ltr'>istud</span> 
     </span>
     <span class='ocr_line' id='line_1_17' title="bbox 321 2506 1500 2582; baseline 0.001 -17"><span class='ocrx_word' id='word_1_137' title='bbox 321 2521 414 2581; x_wconf 77' lang='lat' dir='ltr'>genus</span> <span class='ocrx_word' id='word_1_138' title='bbox 426 2507 572 2567; x_wconf 89' lang='lat' dir='ltr'>hominum</span> <span class='ocrx_word' id='word_1_139' title='bbox 587 2507 625 2568; x_wconf 85' lang='lat' dir='ltr'>sb</span> <span class='ocrx_word' id='word_1_140' title='bbox 639 2507 779 2582; x_wconf 90' lang='lat' dir='ltr'>ejusmodi</span> <span class='ocrx_word' id='word_1_141' title='bbox 793 2508 942 2568; x_wconf 75' lang='lat' dir='ltr'>edumuiis</span> <span class='ocrx_word' id='word_1_142' title='bbox 957 2515 1101 2570; x_wconf 74' lang='lat' dir='ltr'>avocaret.</span> <span class='ocrx_word' id='word_1_143' title='bbox 1132 2508 1208 2570; x_wconf 85' lang='lat' dir='ltr'>Nam</span> <span class='ocrx_word' id='word_1_144' title='bbox 1220 2524 1285 2568; x_wconf 90' lang='lat' dir='ltr'>eum</span> <span class='ocrx_word' id='word_1_145' title='bbox 1299 2509 1324 2568; x_wconf 90' lang='lat' dir='ltr'>is</span> <span class='ocrx_word' id='word_1_146' title='bbox 1340 2508 1450 2568; x_wconf 88' lang='lat' dir='ltr'>diceret</span> <span class='ocrx_word' id='word_1_147' title='bbox 1463 2506 1500 2567; x_wconf 90' lang='lat' dir='ltr'>de</span> 
     </span>
     <span class='ocr_line' id='line_1_18' title="bbox 320 2613 1495 2693; baseline -0.003 -17"><span class='ocrx_word' id='word_1_148' title='bbox 320 2620 402 2676; x_wconf 83' lang='lat' dir='ltr'>recte</span> <span class='ocrx_word' id='word_1_149' title='bbox 415 2615 511 2674; x_wconf 81' lang='lat' dir='ltr'>missae</span> <span class='ocrx_word' id='word_1_150' title='bbox 524 2630 596 2687; x_wconf 90' lang='lat' dir='ltr'>usu,</span> <span class='ocrx_word' id='word_1_151' title='bbox 615 2615 658 2674; x_wconf 91' lang='lat' dir='ltr'>illi</span> <span class='ocrx_word' id='word_1_152' title='bbox 672 2614 718 2692; x_wconf 90' lang='lat' dir='ltr'>(ut</span> <span class='ocrx_word' id='word_1_153' title='bbox 730 2616 813 2691; x_wconf 82' lang='lat' dir='ltr'>parvi</span> <span class='ocrx_word' id='word_1_154' title='bbox 827 2615 898 2689; x_wconf 90' lang='lat' dir='ltr'>ipsis</span> <span class='ocrx_word' id='word_1_155' title='bbox 911 2613 945 2674; x_wconf 88' lang='lat' dir='ltr'>lit</span> <span class='ocrx_word' id='word_1_156' title='bbox 959 2613 1065 2693; x_wconf 74' lang='lat' dir='ltr'>pietus)</span> <span class='ocrx_word' id='word_1_157' title='bbox 1085 2615 1123 2676; x_wconf 81' lang='lat' dir='ltr'>ed</span> <span class='ocrx_word' id='word_1_158' title='bbox 1137 2616 1195 2676; x_wconf 85' lang='lat' dir='ltr'>ulia</span> <span class='ocrx_word' id='word_1_159' title='bbox 1209 2629 1356 2676; x_wconf 86' lang='lat' dir='ltr'>sermones</span> <span class='ocrx_word' id='word_1_160' title='bbox 1370 2616 1495 2674; x_wconf 83' lang='lat' dir='ltr'>uertunt</span> 
     </span>
    </p>

    <p class='ocr_par' dir='ltr' id='par_1_6' title="bbox 318 2717 1499 3008">
     <span class='ocr_line' id='line_1_19' title="bbox 409 2717 1497 2798; baseline 0 -20"><span class='ocrx_word' id='word_1_161' title='bbox 409 2720 459 2794; x_wconf 80' lang='lat' dir='ltr'>xvj</span> <span class='ocrx_word' id='word_1_162' title='bbox 473 2718 582 2794; x_wconf 81' lang='lat' dir='ltr'>Aprilis</span> <span class='ocrx_word' id='word_1_163' title='bbox 595 2718 738 2780; x_wconf 88' lang='lat' dir='ltr'>Melchior</span> <span class='ocrx_word' id='word_1_164' title='bbox 757 2717 836 2795; x_wconf 87' lang='lat' dir='ltr'>apud</span> <span class='ocrx_word' id='word_1_165' title='bbox 851 2718 1071 2782; x_wconf 82' lang='lat' dir='ltr'>Atrebatensem</span> <span class='ocrx_word' id='word_1_166' title='bbox 1093 2737 1147 2798; x_wconf 90' lang='lat' dir='ltr'>pro</span> <span class='ocrx_word' id='word_1_167' title='bbox 1165 2737 1304 2798; x_wconf 86' lang='lat' dir='ltr'>responso</span> <span class='ocrx_word' id='word_1_168' title='bbox 1324 2719 1497 2794; x_wconf 76' lang='lat' dir='ltr'>sollicitavit,</span> 
     </span>
     <span class='ocr_line' id='line_1_20' title="bbox 320 2823 1499 2903; baseline -0.001 -16"><span class='ocrx_word' id='word_1_169' title='bbox 320 2843 417 2888; x_wconf 89' lang='lat' dir='ltr'>comes</span> <span class='ocrx_word' id='word_1_170' title='bbox 431 2841 547 2901; x_wconf 87' lang='lat' dir='ltr'>quoque</span> <span class='ocrx_word' id='word_1_171' title='bbox 561 2825 731 2885; x_wconf 81' lang='lat' dir='ltr'>wilhelmus</span> <span class='ocrx_word' id='word_1_172' title='bbox 746 2823 924 2885; x_wconf 73' lang='lat' dir='ltr'>boloniensis</span> <span class='ocrx_word' id='word_1_173' title='bbox 943 2825 1099 2900; x_wconf 89' lang='lat' dir='ltr'>hospitium</span> <span class='ocrx_word' id='word_1_174' title='bbox 1117 2830 1199 2902; x_wconf 89' lang='lat' dir='ltr'>petit.</span> <span class='ocrx_word' id='word_1_175' title='bbox 1218 2883 1221 2890; x_wconf 88' lang='lat'><em>.</em></span> <span class='ocrx_word' id='word_1_176' title='bbox 1237 2826 1278 2888; x_wconf 83' lang='lat' dir='ltr'>ht</span> <span class='ocrx_word' id='word_1_177' title='bbox 1297 2827 1447 2903; x_wconf 84' lang='lat' dir='ltr'>episcopus</span> <span class='ocrx_word' id='word_1_178' title='bbox 1462 2841 1499 2886; x_wconf 86' lang='lat' dir='ltr'>ex</span> 
     </span>
     <span class='ocr_line' id='line_1_21' title="bbox 318 2930 1108 3008; baseline -0.001 -16"><span class='ocrx_word' id='word_1_179' title='bbox 318 2933 458 2996; x_wconf 76' lang='lat' dir='ltr'>testem</span> <span class='ocrx_word' id='word_1_180' title='bbox 471 2934 620 3008; x_wconf 83' lang='lat' dir='ltr'>potatione</span> <span class='ocrx_word' id='word_1_181' title='bbox 634 2930 758 2994; x_wconf 89' lang='lat' dir='ltr'>debilior</span> <span class='ocrx_word' id='word_1_182' title='bbox 772 2933 847 2993; x_wconf 85' lang='lat' dir='ltr'>lecto</span> <span class='ocrx_word' id='word_1_183' title='bbox 862 2931 956 2993; x_wconf 88' lang='lat' dir='ltr'>adhue</span> <span class='ocrx_word' id='word_1_184' title='bbox 970 2932 1108 2993; x_wconf 87' lang='lat' dir='ltr'>haerebat.</span> 
     </span>
    </p>

    <p class='ocr_par' dir='ltr' id='par_1_7' title="bbox 318 3037 1498 3852">
     <span class='ocr_line' id='line_1_22' title="bbox 409 3037 1496 3114; baseline -0.002 -14"><span class='ocrx_word' id='word_1_185' title='bbox 409 3037 535 3114; x_wconf 70' lang='lat' dir='ltr'>Eadem</span> <span class='ocrx_word' id='word_1_186' title='bbox 566 3040 701 3114; x_wconf 88' lang='lat' dir='ltr'>quoniam</span> <span class='ocrx_word' id='word_1_187' title='bbox 728 3038 790 3099; x_wconf 91' lang='lat' dir='ltr'>dies</span> <span class='ocrx_word' id='word_1_188' title='bbox 811 3038 929 3098; x_wconf 86' lang='lat' dir='ltr'>termini</span> <span class='ocrx_word' id='word_1_189' title='bbox 953 3042 1017 3098; x_wconf 78' lang='lat' dir='ltr'>mat</span> <span class='ocrx_word' id='word_1_190' title='bbox 1042 3038 1073 3098; x_wconf 91' lang='lat' dir='ltr'>iu</span> <span class='ocrx_word' id='word_1_191' title='bbox 1095 3038 1230 3098; x_wconf 77' lang='lat' dir='ltr'>mandato</span> <span class='ocrx_word' id='word_1_192' title='bbox 1257 3037 1402 3099; x_wconf 84' lang='lat' dir='ltr'>citationis</span> <span class='ocrx_word' id='word_1_193' title='bbox 1429 3050 1496 3098; x_wconf 89' lang='lat' dir='ltr'>cou-</span> 
     </span>
     <span class='ocr_line' id='line_1_23' title="bbox 321 3141 1497 3223; baseline -0.004 -16"><span class='ocrx_word' id='word_1_194' title='bbox 321 3147 462 3223; x_wconf 77' lang='lat' dir='ltr'>scriptus,</span> <span class='ocrx_word' id='word_1_195' title='bbox 486 3145 634 3206; x_wconf 87' lang='lat' dir='ltr'>consilium</span> <span class='ocrx_word' id='word_1_196' title='bbox 655 3144 777 3220; x_wconf 86' lang='lat' dir='ltr'>petitum</span> <span class='ocrx_word' id='word_1_197' title='bbox 798 3159 818 3201; x_wconf 92' lang='lat' dir='ltr'>a</span> <span class='ocrx_word' id='word_1_198' title='bbox 837 3142 953 3202; x_wconf 90' lang='lat' dir='ltr'>domino</span> <span class='ocrx_word' id='word_1_199' title='bbox 977 3141 1014 3202; x_wconf 91' lang='lat' dir='ltr'>de</span> <span class='ocrx_word' id='word_1_200' title='bbox 1037 3141 1167 3218; x_wconf 84' lang='lat' dir='ltr'>Nassau,</span> <span class='ocrx_word' id='word_1_201' title='bbox 1198 3143 1333 3218; x_wconf 85' lang='lat' dir='ltr'>quidnam</span> <span class='ocrx_word' id='word_1_202' title='bbox 1354 3141 1497 3220; x_wconf 81' lang='lat' dir='ltr'>egendum</span> 
     </span>
     <span class='ocr_line' id='line_1_24' title="bbox 319 3232 1496 3322; baseline -0.001 -11"><span class='ocrx_word' id='word_1_203' title='bbox 319 3249 405 3314; x_wconf 84' lang='lat' dir='ltr'>ieret</span> <span class='ocrx_word' id='word_1_204' title='bbox 443 3252 474 3311; x_wconf 93' lang='lat' dir='ltr'>1s</span> <span class='ocrx_word' id='word_1_205' title='bbox 493 3267 548 3313; x_wconf 92' lang='lat' dir='ltr'>nos</span> <span class='ocrx_word' id='word_1_206' title='bbox 563 3250 603 3311; x_wconf 89' lang='lat' dir='ltr'>ad</span> <span class='ocrx_word' id='word_1_207' title='bbox 616 3250 747 3312; x_wconf 87' lang='lat' dir='ltr'>doctores</span> <span class='ocrx_word' id='word_1_208' title='bbox 762 3247 970 3322; x_wconf 82' lang='lat' dir='ltr'>Marquardum</span> <span class='ocrx_word' id='word_1_209' title='bbox 985 3251 1015 3306; x_wconf 93' lang='lat' dir='ltr'>et</span> <span class='ocrx_word' id='word_1_210' title='bbox 1029 3232 1127 3307; x_wconf 82' lang='lat' dir='ltr'>Hasen</span> <span class='ocrx_word' id='word_1_211' title='bbox 1141 3249 1272 3308; x_wconf 85' lang='lat' dir='ltr'>remittit.</span> <span class='ocrx_word' id='word_1_212' title='bbox 1311 3249 1350 3308; x_wconf 90' lang='lat' dir='ltr'>Hi</span> <span class='ocrx_word' id='word_1_213' title='bbox 1365 3247 1449 3311; x_wconf 90' lang='lat' dir='ltr'>ambo</span> <span class='ocrx_word' id='word_1_214' title='bbox 1464 3265 1496 3310; x_wconf 90' lang='lat' dir='ltr'>se</span> 
     </span>
     <span class='ocr_line' id='line_1_25' title="bbox 319 3345 1498 3430; baseline -0.002 -14"><span class='ocrx_word' id='word_1_215' title='bbox 319 3357 408 3418; x_wconf 89' lang='lat' dir='ltr'>nobis.</span> <span class='ocrx_word' id='word_1_216' title='bbox 424 3354 525 3416; x_wconf 78' lang='lat' dir='ltr'>fadles</span> <span class='ocrx_word' id='word_1_217' title='bbox 547 3356 747 3430; x_wconf 74' lang='lat' dir='ltr'>prebuerunt,</span> <span class='ocrx_word' id='word_1_218' title='bbox 771 3355 900 3415; x_wconf 86' lang='lat' dir='ltr'>dieentes</span> <span class='ocrx_word' id='word_1_219' title='bbox 922 3353 1030 3426; x_wconf 89' lang='lat' dir='ltr'>optime</span> <span class='ocrx_word' id='word_1_220' title='bbox 1053 3370 1072 3413; x_wconf 87' lang='lat' dir='ltr'>a</span> <span class='ocrx_word' id='word_1_221' title='bbox 1093 3345 1176 3415; x_wconf 86' lang='lat' dir='ltr'>nobis</span> <span class='ocrx_word' id='word_1_222' title='bbox 1197 3350 1319 3426; x_wconf 86' lang='lat' dir='ltr'>lactum,</span> <span class='ocrx_word' id='word_1_223' title='bbox 1344 3354 1420 3429; x_wconf 86' lang='lat' dir='ltr'>quod</span> <span class='ocrx_word' id='word_1_224' title='bbox 1444 3371 1498 3416; x_wconf 91' lang='lat' dir='ltr'>nos</span> 
     </span>
     <span class='ocr_line' id='line_1_26' title="bbox 319 3457 1498 3536; baseline -0.001 -16"><span class='ocrx_word' id='word_1_225' title='bbox 319 3463 458 3536; x_wconf 90' lang='lat' dir='ltr'>ipsosmet</span> <span class='ocrx_word' id='word_1_226' title='bbox 470 3461 631 3536; x_wconf 74' lang='lat' dir='ltr'>Augustam</span> <span class='ocrx_word' id='word_1_227' title='bbox 646 3463 865 3534; x_wconf 79' lang='lat' dir='ltr'>contulerimus,</span> <span class='ocrx_word' id='word_1_228' title='bbox 881 3463 912 3518; x_wconf 92' lang='lat' dir='ltr'>et</span> <span class='ocrx_word' id='word_1_229' title='bbox 926 3473 1059 3534; x_wconf 87' lang='lat' dir='ltr'>sperare,</span> <span class='ocrx_word' id='word_1_230' title='bbox 1080 3458 1111 3518; x_wconf 93' lang='lat' dir='ltr'>id</span> <span class='ocrx_word' id='word_1_231' title='bbox 1126 3458 1208 3519; x_wconf 90' lang='lat' dir='ltr'>nohis</span> <span class='ocrx_word' id='word_1_232' title='bbox 1222 3460 1253 3518; x_wconf 89' lang='lat' dir='ltr'>in</span> <span class='ocrx_word' id='word_1_233' title='bbox 1268 3458 1369 3519; x_wconf 89' lang='lat' dir='ltr'>melius</span> <span class='ocrx_word' id='word_1_234' title='bbox 1383 3457 1498 3535; x_wconf 87' lang='lat' dir='ltr'>cedere,</span> 
     </span>
     <span class='ocr_line' id='line_1_27' title="bbox 320 3563 1494 3640; baseline -0.002 -14"><span class='ocrx_word' id='word_1_235' title='bbox 320 3571 352 3626; x_wconf 87' lang='lat' dir='ltr'>et</span> <span class='ocrx_word' id='word_1_236' title='bbox 362 3583 396 3628; x_wconf 90' lang='lat' dir='ltr'>se</span> <span class='ocrx_word' id='word_1_237' title='bbox 412 3565 561 3628; x_wconf 87' lang='lat' dir='ltr'>archiduoi</span> <span class='ocrx_word' id='word_1_238' title='bbox 574 3573 604 3627; x_wconf 89' lang='lat' dir='ltr'>et</span> <span class='ocrx_word' id='word_1_239' title='bbox 617 3567 729 3627; x_wconf 83' lang='lat' dir='ltr'>oaeteris</span> <span class='ocrx_word' id='word_1_240' title='bbox 743 3566 915 3627; x_wconf 85' lang='lat' dir='ltr'>consiliariis</span> <span class='ocrx_word' id='word_1_241' title='bbox 929 3568 1059 3624; x_wconf 91' lang='lat' dir='ltr'>nostram</span> <span class='ocrx_word' id='word_1_242' title='bbox 1072 3565 1256 3640; x_wconf 73' lang='lat' dir='ltr'>presentiam</span> <span class='ocrx_word' id='word_1_243' title='bbox 1269 3563 1397 3624; x_wconf 88' lang='lat' dir='ltr'>indicare</span> <span class='ocrx_word' id='word_1_244' title='bbox 1411 3564 1494 3639; x_wconf 88' lang='lat' dir='ltr'>velle,</span> 
     </span>
     <span class='ocr_line' id='line_1_28' title="bbox 319 3670 1497 3751; baseline -0.002 -18"><span class='ocrx_word' id='word_1_245' title='bbox 319 3688 378 3747; x_wconf 83' lang='lat' dir='ltr'>quo</span> <span class='ocrx_word' id='word_1_246' title='bbox 398 3675 492 3734; x_wconf 84' lang='lat' dir='ltr'>nostri</span> <span class='ocrx_word' id='word_1_247' title='bbox 512 3673 592 3751; x_wconf 87' lang='lat' dir='ltr'>apud</span> <span class='ocrx_word' id='word_1_248' title='bbox 614 3673 835 3735; x_wconf 86' lang='lat' dir='ltr'>Atrebatensem</span> <span class='ocrx_word' id='word_1_249' title='bbox 858 3686 1022 3746; x_wconf 87' lang='lat' dir='ltr'>supremum</span> <span class='ocrx_word' id='word_1_250' title='bbox 1048 3671 1249 3732; x_wconf 86' lang='lat' dir='ltr'>cancellarium</span> <span class='ocrx_word' id='word_1_251' title='bbox 1271 3671 1311 3730; x_wconf 93' lang='lat' dir='ltr'>hii</span> <span class='ocrx_word' id='word_1_252' title='bbox 1332 3670 1497 3732; x_wconf 88' lang='lat' dir='ltr'>meminisse</span> 
     </span>
     <span class='ocr_line' id='line_1_29' title="bbox 318 3775 1046 3852; baseline -0.003 -14"><span class='ocrx_word' id='word_1_253' title='bbox 318 3778 424 3852; x_wconf 77' lang='lat' dir='ltr'>velint,</span> <span class='ocrx_word' id='word_1_254' title='bbox 439 3780 514 3840; x_wconf 88' lang='lat' dir='ltr'>acis</span> <span class='ocrx_word' id='word_1_255' title='bbox 528 3777 566 3838; x_wconf 90' lang='lat' dir='ltr'>de</span> <span class='ocrx_word' id='word_1_256' title='bbox 580 3778 705 3840; x_wconf 85' lang='lat' dir='ltr'>aduentu</span> <span class='ocrx_word' id='word_1_257' title='bbox 720 3783 819 3839; x_wconf 70' lang='lat' dir='ltr'>nosne</span> <span class='ocrx_word' id='word_1_258' title='bbox 833 3779 940 3838; x_wconf 86' lang='lat' dir='ltr'>certior</span> <span class='ocrx_word' id='word_1_259' title='bbox 953 3775 1046 3836; x_wconf 87' lang='lat' dir='ltr'>fieret.</span> 
     </span>
    </p>

    <p class='ocr_par' dir='ltr' id='par_1_8' title="bbox 319 3880 1495 4172">
     <span class='ocr_line' id='line_1_30' title="bbox 408 3880 1495 3960; baseline -0.003 -15"><span class='ocrx_word' id='word_1_260' title='bbox 408 3881 575 3959; x_wconf 85' lang='lat' dir='ltr'>Requisitus</span> <span class='ocrx_word' id='word_1_261' title='bbox 595 3889 642 3946; x_wconf 90' lang='lat' dir='ltr'>est</span> <span class='ocrx_word' id='word_1_262' title='bbox 658 3899 772 3960; x_wconf 87' lang='lat' dir='ltr'>quoque</span> <span class='ocrx_word' id='word_1_263' title='bbox 786 3884 901 3946; x_wconf 91' lang='lat' dir='ltr'>anobis</span> <span class='ocrx_word' id='word_1_264' title='bbox 916 3883 1019 3945; x_wconf 87' lang='lat' dir='ltr'>doctor</span> <span class='ocrx_word' id='word_1_265' title='bbox 1033 3880 1154 3944; x_wconf 77' lang='lat' dir='ltr'>Carolus</span> <span class='ocrx_word' id='word_1_266' title='bbox 1167 3883 1259 3944; x_wconf 86' lang='lat' dir='ltr'>Harst</span> <span class='ocrx_word' id='word_1_267' title='bbox 1273 3880 1412 3944; x_wconf 83' lang='lat' dir='ltr'>Ohvensis</span> <span class='ocrx_word' id='word_1_268' title='bbox 1427 3896 1495 3942; x_wconf 86' lang='lat' dir='ltr'>eon·</span> 
     </span>
     <span class='ocr_line' id='line_1_31' title="bbox 319 3987 1495 4065; baseline 0 -15"><span class='ocrx_word' id='word_1_269' title='bbox 319 3989 461 4065; x_wconf 66' lang='lat' dir='ltr'>charius,</span> <span class='ocrx_word' id='word_1_270' title='bbox 476 3991 524 4050; x_wconf 86' lang='lat' dir='ltr'>eui</span> <span class='ocrx_word' id='word_1_271' title='bbox 536 3991 668 4051; x_wconf 85' lang='lat' dir='ltr'>voluntas</span> <span class='ocrx_word' id='word_1_272' title='bbox 682 3988 765 4050; x_wconf 88' lang='lat' dir='ltr'>nohis</span> <span class='ocrx_word' id='word_1_273' title='bbox 778 3989 953 4051; x_wconf 87' lang='lat' dir='ltr'>inserviendi</span> <span class='ocrx_word' id='word_1_274' title='bbox 968 4006 1027 4051; x_wconf 92' lang='lat' dir='ltr'>non</span> <span class='ocrx_word' id='word_1_275' title='bbox 1041 3987 1146 4065; x_wconf 84' lang='lat' dir='ltr'>deluit,</span> <span class='ocrx_word' id='word_1_276' title='bbox 1167 3988 1220 4050; x_wconf 91' lang='lat' dir='ltr'>sed</span> <span class='ocrx_word' id='word_1_277' title='bbox 1234 3989 1344 4050; x_wconf 77' lang='lat' dir='ltr'>edoma</span> <span class='ocrx_word' id='word_1_278' title='bbox 1358 3993 1495 4050; x_wconf 84' lang='lat' dir='ltr'>enecstus</span> 
     </span>
     <span class='ocr_line' id='line_1_32' title="bbox 319 4096 727 4172; baseline -0.002 -16"><span class='ocrx_word' id='word_1_279' title='bbox 319 4096 407 4158; x_wconf 86' lang='lat' dir='ltr'>domo</span> <span class='ocrx_word' id='word_1_280' title='bbox 420 4096 538 4172; x_wconf 84' lang='lat' dir='ltr'>prodire</span> <span class='ocrx_word' id='word_1_281' title='bbox 552 4113 611 4156; x_wconf 91' lang='lat' dir='ltr'>nou</span> <span class='ocrx_word' id='word_1_282' title='bbox 624 4097 727 4170; x_wconf 90' lang='lat' dir='ltr'>potuit.</span> 
     </span>
    </p>

    <p class='ocr_par' dir='ltr' id='par_1_9' title="bbox 318 4199 1496 4393">
     <span class='ocr_line' id='line_1_33' title="bbox 407 4199 1496 4278; baseline -0.003 -16"><span class='ocrx_word' id='word_1_283' title='bbox 407 4201 551 4278; x_wconf 76' lang='lat' dir='ltr'>Magister</span> <span class='ocrx_word' id='word_1_284' title='bbox 561 4201 697 4263; x_wconf 85' lang='lat' dir='ltr'>liberius</span> <span class='ocrx_word' id='word_1_285' title='bbox 707 4200 811 4261; x_wconf 86' lang='lat' dir='ltr'>Florus</span> <span class='ocrx_word' id='word_1_286' title='bbox 825 4201 945 4274; x_wconf 82' lang='lat' dir='ltr'>syndico</span> <span class='ocrx_word' id='word_1_287' title='bbox 954 4200 1125 4276; x_wconf 79' lang='lat' dir='ltr'>Augusteum</span> <span class='ocrx_word' id='word_1_288' title='bbox 1143 4201 1254 4263; x_wconf 73' lang='lat' dir='ltr'>doomri</span> <span class='ocrx_word' id='word_1_289' title='bbox 1264 4201 1386 4263; x_wconf 88' lang='lat' dir='ltr'>Nicolac</span> <span class='ocrx_word' id='word_1_290' title='bbox 1399 4199 1496 4260; x_wconf 84' lang='lat' dir='ltr'>Maior</span> 
     </span>
     <span class='ocr_line' id='line_1_34' title="bbox 318 4301 1493 4393; baseline -0.003 -25"><span class='ocrx_word' id='word_1_291' title='bbox 318 4307 422 4368; x_wconf 87' lang='lat' dir='ltr'>literas</span> <span class='ocrx_word' id='word_1_292' title='bbox 427 4307 537 4393; x_wconf 71' lang='lat' dir='ltr'>destini</span> <span class='ocrx_word' id='word_1_293' title='bbox 543 4307 661 4369; x_wconf 87' lang='lat' dir='ltr'>Gobleri</span> <span class='ocrx_word' id='word_1_294' title='bbox 670 4307 809 4381; x_wconf 83' lang='lat' dir='ltr'>exhibuit,</span> <span class='ocrx_word' id='word_1_295' title='bbox 819 4308 907 4381; x_wconf 87' lang='lat' dir='ltr'>quise</span> <span class='ocrx_word' id='word_1_296' title='bbox 915 4307 998 4368; x_wconf 92' lang='lat' dir='ltr'>nohis</span> <span class='ocrx_word' id='word_1_297' title='bbox 1009 4306 1047 4368; x_wconf 90' lang='lat' dir='ltr'>ad</span> <span class='ocrx_word' id='word_1_298' title='bbox 1059 4309 1155 4370; x_wconf 87' lang='lat' dir='ltr'>omnia</span> <span class='ocrx_word' id='word_1_299' title='bbox 1166 4313 1298 4384; x_wconf 86' lang='lat' dir='ltr'>peretum</span> <span class='ocrx_word' id='word_1_300' title='bbox 1310 4301 1372 4366; x_wconf 85' lang='lat' dir='ltr'>fore</span> <span class='ocrx_word' id='word_1_301' title='bbox 1380 4304 1493 4366; x_wconf 83' lang='lat' dir='ltr'>obtulit.</span> 
     </span>
    </p>

    <p class='ocr_par' dir='ltr' id='par_1_10' title="bbox 318 4408 1494 4596">
     <span class='ocr_line' id='line_1_35' title="bbox 407 4408 1494 4490; baseline -0.006 -16"><span class='ocrx_word' id='word_1_302' title='bbox 407 4413 551 4476; x_wconf 78' lang='lat' dir='ltr'>Doctores</span> <span class='ocrx_word' id='word_1_303' title='bbox 569 4413 702 4490; x_wconf 77' lang='lat' dir='ltr'>aiebant,</span> <span class='ocrx_word' id='word_1_304' title='bbox 724 4415 797 4474; x_wconf 89' lang='lat' dir='ltr'>nihil</span> <span class='ocrx_word' id='word_1_305' title='bbox 809 4413 931 4490; x_wconf 89' lang='lat' dir='ltr'>periculi</span> <span class='ocrx_word' id='word_1_306' title='bbox 949 4412 1012 4474; x_wconf 87' lang='lat' dir='ltr'>iore</span> <span class='ocrx_word' id='word_1_307' title='bbox 1032 4412 1109 4487; x_wconf 84' lang='lat' dir='ltr'>quod</span> <span class='ocrx_word' id='word_1_308' title='bbox 1128 4413 1285 4489; x_wconf 82' lang='lat' dir='ltr'>praesentes</span> <span class='ocrx_word' id='word_1_309' title='bbox 1304 4408 1445 4486; x_wconf 76' lang='lat' dir='ltr'>adsimus,</span> <span class='ocrx_word' id='word_1_310' title='bbox 1468 4408 1494 4468; x_wconf 88' lang='lat' dir='ltr'>si</span> 
     </span>
     <span class='ocr_line' id='line_1_36' title="bbox 318 4518 956 4596; baseline -0.006 -14"><span class='ocrx_word' id='word_1_311' title='bbox 318 4535 378 4582; x_wconf 87' lang='lat' dir='ltr'>nen</span> <span class='ocrx_word' id='word_1_312' title='bbox 390 4536 594 4582; x_wconf 86' lang='lat' dir='ltr'>accusaremur</span> <span class='ocrx_word' id='word_1_313' title='bbox 606 4537 626 4581; x_wconf 88' lang='lat' dir='ltr'>a</span> <span class='ocrx_word' id='word_1_314' title='bbox 638 4519 763 4596; x_wconf 87' lang='lat' dir='ltr'>praesule</span> <span class='ocrx_word' id='word_1_315' title='bbox 776 4518 956 4581; x_wconf 74' lang='lat' dir='ltr'>coloniense.</span> 
     </span>
    </p>

    <p class='ocr_par' dir='ltr' id='par_1_11' title="bbox 408 4619 1493 4702">
     <span class='ocr_line' id='line_1_37' title="bbox 408 4619 1493 4702; baseline -0.008 -12"><span class='ocrx_word' id='word_1_316' title='bbox 408 4626 607 4690; x_wconf 71' lang='lat' dir='ltr'>moereas</span> <span class='ocrx_word' id='word_1_317' title='bbox 616 4625 735 4689; x_wconf 86' lang='lat' dir='ltr'>liborio</span> <span class='ocrx_word' id='word_1_318' title='bbox 749 4627 883 4702; x_wconf 69' lang='lat' dir='ltr'>injunxit,</span> <span class='ocrx_word' id='word_1_319' title='bbox 898 4632 933 4687; x_wconf 88' lang='lat' dir='ltr'>at</span> <span class='ocrx_word' id='word_1_320' title='bbox 946 4625 986 4688; x_wconf 85' lang='lat' dir='ltr'>ad</span> <span class='ocrx_word' id='word_1_321' title='bbox 999 4639 1104 4686; x_wconf 88' lang='lat' dir='ltr'>nonam</span> <span class='ocrx_word' id='word_1_322' title='bbox 1117 4625 1149 4685; x_wconf 94' lang='lat' dir='ltr'>in</span> <span class='ocrx_word' id='word_1_323' title='bbox 1163 4623 1227 4686; x_wconf 87' lang='lat' dir='ltr'>loeo</span> <span class='ocrx_word' id='word_1_324' title='bbox 1241 4621 1353 4685; x_wconf 81' lang='lat' dir='ltr'>coudlii</span> <span class='ocrx_word' id='word_1_325' title='bbox 1367 4619 1493 4684; x_wconf 76' lang='lat' dir='ltr'>sisset</span> 
     </span>
    </p>
   </div>
   <div class='ocr_carea' id='block_1_3' title="bbox 898 4762 916 4799">
    <p class='ocr_par' dir='ltr' id='par_1_12' title="bbox 898 4762 916 4799">
     <span class='ocr_line' id='line_1_38' title="bbox 898 4762 916 4799; baseline 0 -7"><span class='ocrx_word' id='word_1_326' title='bbox 898 4762 916 4799; x_wconf 58' lang='lat' dir='ltr'>ss</span> 
     </span>
    </p>
   </div>
   <div class='ocr_carea' id='block_1_4' title="bbox 393 4835 1279 4923">
    <p class='ocr_par' dir='ltr' id='par_1_13' title="bbox 393 4835 1279 4923">
     <span class='ocr_line' id='line_1_39' title="bbox 393 4835 1279 4923; baseline -0.002 -19"><span class='ocrx_word' id='word_1_327' title='bbox 393 4835 796 4923; x_wconf 56' lang='lat' dir='ltr'>immutasse»,</span> <span class='ocrx_word' id='word_1_328' title='bbox 830 4845 1279 4919; x_wconf 61' lang='lat' dir='ltr'>wcuowoargrcwonaa</span> 
     </span>
    </p>
   </div>
   <div class='ocr_carea' id='block_1_5' title="bbox 0 0 1854 5692">
    <p class='ocr_par' dir='ltr' id='par_1_14' title="bbox 0 0 1854 5692">
     <span class='ocr_line' id='line_1_40' title="bbox 0 0 1854 5692; baseline 0 3"><span class='ocrx_word' id='word_1_329' title='bbox 0 0 1854 5692; x_wconf 95' lang='lat' dir='ltr'> </span> 
     </span>
    </p>
   </div>
  </div>
 </body>
</html>
