3700 5692
848 720 913 833 sar

287 950 436 1009 uoluntate
456 948 596 1009 affectum.
626 945 661 1010 Is¹
675 952 700 1009 si
722 968 775 1024 pro
790 952 956 1025 ignorantia
977 956 1027 1011 aut
1049 947 1086 1010 ob
1107 950 1262 1009 ruditatem
1284 950 1460 1020 nonensis,

287 1072 351 1130 quae
367 1058 538 1129 praeceperit
552 1035 647 1131 herus,
671 1057 863 1117 adamussim
883 1064 1049 1131 exequatur,
1074 1061 1169 1115 amen
1189 1056 1265 1113 buno
1286 1072 1344 1114 non
1365 1057 1462 1114 statim

287 1162 376 1220 herus
392 1160 477 1220 domo
497 1161 613 1236 ejiciens
632 1161 835 1237 profligaturus
856 1170 910 1235 est,
934 1168 985 1223 aui
1006 1162 1175 1222 concitatior
1194 1162 1224 1219 in
1245 1178 1309 1219 eum
1329 1162 1393 1233 erit,
1417 1163 1461 1219 ni-

286 1268 392 1325 mirum
406 1267 499 1325 sciens
520 1266 598 1340 quod
618 1285 676 1327 non
698 1268 832 1344 studium,
857 1270 907 1329 sed
929 1270 1048 1329 scientia
1066 1268 1108 1326 illi
1129 1265 1260 1337 deluerit,
1284 1266 1373 1325 multa
1395 1282 1461 1326 con-

287 1370 378 1430 donat
401 1377 431 1430 et
453 1388 517 1429 eum
539 1371 640 1431 suffert
662 1380 715 1433 etc.
754 1376 938 1449 Invigilemus
959 1374 1046 1449 igitur
1067 1374 1150 1433 utin
1173 1379 1289 1447 recepta
1312 1372 1462 1431 dilectione

286 1492 506 1549 permaneamus
522 1484 551 1537 et
570 1496 622 1537 nos
643 1481 673 1537 in
693 1480 823 1540 custodia
841 1486 1050 1555 praeceptorum
1073 1496 1263 1553 exerceamus,
1287 1478 1364 1551 quod
1380 1476 1462 1535 nobis

285 1580 385 1642 faveat
399 1580 480 1642 Dens
495 1589 579 1657 pater
593 1600 646 1659 per
661 1584 805 1645 Christum
823 1585 922 1645 filium.
953 1587 1054 1647 Amen.

376 1689 453 1748 Ante
468 1691 631 1750 concionem
652 1692 729 1750 intra
751 1693 768 1749 5
789 1698 818 1751 et
840 1697 859 1751 4
879 1694 957 1752 venit
976 1693 1112 1767 magister
1134 1691 1280 1765 Glaserus,
1305 1690 1353 1763 qui
1368 1690 1399 1747 in
1414 1705 1462 1747 co·

286 1795 375 1853 mitiis
396 1794 574 1869 Augustanis
595 1796 672 1855 vices
691 1797 863 1869 principum,
888 1798 1021 1857 comitum
1043 1802 1072 1856 et
1096 1797 1274 1856 dominorum
1296 1794 1463 1855 Henneber·

286 1902 418 1975 gensinm
442 1902 573 1976 gerebat,
597 1903 719 1975 cuique
743 1902 772 1960 in
792 1903 908 1961 cardine
928 1920 975 1961 res
996 1908 1102 1962 nostrae
1124 1905 1310 1960 versarentur
1332 1900 1463 1973 exposui·

285 2022 359 2082 mus,
377 2005 500 2066 eundem
514 2011 649 2081 rogantes
664 2013 697 2066 nt
711 2007 855 2065 Stacnlum
870 2026 888 2067 a
901 2008 1042 2067 Schleben
1057 2007 1152 2067 adiret
1167 2008 1365 2080 expiscaturus
1381 2003 1463 2077 quid·

286 2130 354 2171 nam
376 2114 407 2171 in
429 2128 516 2172 causa
539 2118 640 2172 nostra
661 2130 713 2187 per
736 2112 889 2171 electorem
912 2090 1196 2187 Brandeburgensem
1220 2109 1327 2170 factum
1351 2108 1460 2167 luisset.

287 2218 344 2291 Qui
358 2218 413 2277 sub
427 2218 578 2291 prandium
591 2222 740 2277 revertens
756 2218 797 2277 ait
810 2218 974 2277 humaniter
988 2234 1019 2278 se
1034 2235 1052 2276 a
1068 2218 1182 2277 Staculo
1206 2222 1352 2288 acceptum
1372 2214 1461 2272 hunc·

286 2341 343 2398 que
359 2324 474 2384 dedisse
489 2322 584 2398 fidem,
608 2340 639 2382 se
654 2323 754 2382 sedulo
770 2325 846 2397 apud
862 2325 1014 2383 electorem
1030 2338 1112 2382 suum
1127 2324 1236 2380 instare
1251 2321 1334 2395 velle,
1359 2326 1391 2380 ut
1403 2316 1463 2379 'una

286 2446 351 2488 cum
372 2428 543 2489 consiliariis
564 2428 643 2487 ducis
662 2428 795 2488 Mauricii
815 2428 1109 2503 Brandenburgenses
1128 2444 1182 2499 pro
1202 2428 1284 2485 nobis
1304 2426 1461 2485 intercede·

285 2539 366 2609 rent,
390 2534 438 2594 vel
461 2536 486 2593 si
509 2534 566 2592 dux
579 2534 745 2593 ⁴Mauricius
768 2536 939 2595 consiliariis
965 2535 1023 2594 suis
1045 2534 1182 2607 Auguste
1206 2532 1312 2591 relictis
1334 2532 1404 2590 nihil
1427 2532 1463 2590 de

285 2642 340 2699 hac
360 2657 393 2700 re
413 2640 581 2715 injunxerit,
604 2656 636 2700 se
657 2642 789 2700 daturum
810 2657 926 2714 operam
948 2644 979 2699 ut
1001 2640 1126 2699 marchio
1151 2640 1257 2698 elector
1279 2638 1355 2698 solus
1375 2638 1463 2697 inter·

286 2746 414 2807 cederet.

376 2850 481 2911 Pransi
496 2857 563 2910 sunt
578 2852 724 2912 nobiscum
740 2852 815 2911 idem
834 2853 971 2927 magister
994 2852 1179 2913 Sebastianus
1201 2856 1230 2909 et
1249 2850 1462 2923 Kniephausen.

379 2955 490 3015 Eadem
505 2962 571 3015 ante
587 2974 693 3016 nonam
707 2958 960 3017 antemeridianam
976 2956 1081 3018 fratres
1096 2964 1125 3018 et
1145 2975 1207 3032 ego,
1231 2956 1375 3028 Liberius,
1401 2953 1464 3011 Gol-

285 3063 439 3136 bacherus,
460 3062 589 3135 Lyndius
605 3068 659 3122 etc.
675 3065 753 3121 intra
767 3062 927 3121 cubiculum
943 3064 1142 3124 Atrebatensis
1156 3063 1259 3135 vocati,
1281 3060 1329 3119 ubi
1344 3061 1374 3118 in
1388 3074 1462 3132 prae-

286 3170 384 3228 sentia
398 3166 546 3227 doctorum
562 3166 641 3227 Seldi
656 3174 685 3228 et
699 3169 786 3242 Viglii
801 3170 937 3241 magister
952 3144 1056 3228 Florus
1077 3168 1276 3239 responsiones
1298 3170 1327 3225 ιι
1348 3166 1463 3238 petitio-

286 3290 340 3333 nes
356 3277 471 3331 nostrus
485 3274 601 3347 praesuli
617 3275 757 3348 exposuit,
781 3274 833 3333 sed
847 3291 911 3331 cum
925 3274 1045 3331 multum
1066 3271 1171 3343 diuque
1191 3272 1258 3329 hine
1273 3276 1302 3330 et
1317 3270 1383 3329 inde
1399 3288 1462 3329 ver-

287 3380 332 3439 bis
355 3379 519 3439 altricatnm
540 3385 617 3440 esset
637 3379 700 3456 (sed
719 3383 815 3439 omnia
835 3398 863 3453 q.
886 3379 1018 3451 precario
1039 3371 1169 3450 agentes)
1184 3375 1257 3434 tales
1271 3375 1388 3435 tandem
1402 3376 1462 3449 abi·

287 3486 391 3560 rimus,
417 3486 515 3557 quales
530 3488 667 3559 venimus,
690 3502 756 3544 nam
772 3484 808 3543 de
823 3485 878 3543 diis
893 3458 1083 3557 periculosum
1100 3486 1143 3540 est
1156 3478 1212 3539 fari
1233 3485 1286 3539 etc.

379 3589 491 3650 Eadem
512 3590 678 3650 Galacteum
700 3590 738 3649 ad
758 3590 934 3650 hcentiatum
962 3588 1112 3647 Nicolaum
1138 3586 1231 3646 Maier
1254 3585 1381 3643 misimus
1411 3600 1464 3656 pro

288 3697 426 3771 consilio,
450 3697 500 3769 qui
515 3712 629 3770 quoque
644 3712 814 3770 responsum
828 3694 996 3767 reportavit.

380 3805 528 3861 Intereant
543 3817 654 3875 omnes,
679 3802 727 3874 qui
742 3800 858 3859 interim
872 3800 945 3859 illud
961 3818 996 3859 ex
1010 3799 1096 3857 corde
1111 3798 1330 3871 amplectuntur.

379 3906 427 3967 Ad
445 3905 597 3966 secundam
617 3905 840 3979 pomeridianam
861 3907 940 3966 verbi
961 3904 1083 3963 ministri
1104 3908 1134 3963 ιι
1153 3902 1283 3963 consules
1304 3898 1384 3959 urbis
1404 3897 1464 3957 Au·

288 4020 382 4088 gnatae
398 4014 565 4087 congregati
580 4016 655 4071 sunt.
686 4012 809 4072 Domine
824 4012 896 4072 bene
911 4027 1083 4086 prosperare
1098 4015 1128 4069 et
1141 4026 1179 4070 ne
1195 4008 1245 4068 des
1259 4008 1352 4067 locum
1368 4022 1466 4079 super-

289 4121 335 4180 bis
351 4123 381 4179 et
394 4119 499 4192 impiis.

381 4224 491 4284 Eadem
506 4223 641 4284 Carolum
656 4240 674 4283 a
688 4224 833 4283 Stacheim
853 4226 997 4298 satrapam
1018 4222 1048 4281 in
1062 4222 1212 4296 Weilburg
1232 4224 1262 4279 et
1281 4218 1409 4291 Usingen
1430 4212 1466 4273 ad

290 4330 425 4392 comitem
440 4346 521 4389 suum
536 4330 599 4389 heri
614 4330 719 4389 abiisse
734 4329 929 4402 comperimus.
1278 4334 1281 4339 “

381 4435 492 4495 Eadem
507 4435 642 4495 Liberius
657 4436 695 4495 ob
708 4434 901 4495 valetudinem
920 4439 954 4493 ut
972 4435 1074 4493 missus
1095 4432 1205 4503 aliquot
1226 4447 1244 4489 a
1259 4428 1352 4486 culina
1368 4430 1466 4483 nostra

290 4542 333 4600 illi
354 4542 544 4615 mitterentur,
569 4556 625 4613 quo
645 4540 785 4599 medicum
805 4547 835 4599 et
853 4538 1120 4614 pharmacopolam,
1144 4550 1267 4608 quorum
1289 4548 1379 4607 opera
1398 4544 1466 4589 usus

291 4653 369 4722 erat,
394 4648 524 4706 convivio
540 4647 673 4719 excipere
686 4648 797 4720 posset,
821 4646 944 4720 rogavit.

382 4750 539 4811 Consilium
554 4752 674 4811 loannis
689 4750 787 4809 fratris
802 4752 894 4809 nostri
915 4755 987 4822 erat,
1011 4753 1044 4806 ut
1063 4762 1152 4819 opera
1172 4746 1278 4805 domini
1295 4745 1330 4803 de
1346 4742 1423 4815 Lyre
1439 4744 1468 4797 ιι

292 4856 396 4933 Busce,
420 4858 470 4931 qui
484 4874 542 4918 non
556 4862 697 4917 extremas
711 4853 790 4929 apud
804 4856 1008 4931 imperatorem
1021 4857 1121 4913 tenere
1137 4852 1279 4925 dicuntm·,
1304 4848 1378 4909 alter
1392 4846 1468 4907 enim
