3700 5692
914 725 984 801 238

365 934 433 991 pum
452 916 566 979 seldum
588 916 851 978 vicecancellarium
878 917 917 977 ad
940 917 1082 977 Josnnem
1101 914 1283 977 midemcum
1306 916 1461 977 electorem
1480 916 1544 975 hu-

365 1030 456 1097 goste
470 1023 502 1081 in
516 1023 617 1082 hortus
630 1022 772 1083 mansioni
786 1039 845 1081 suae
860 1023 1009 1097 contiguos
1030 1022 1124 1097 misit,
1146 1027 1181 1083 ut
1194 1024 1271 1083 serio
1289 1024 1404 1083 nomine
1423 1024 1540 1081 cesaris

366 1145 429 1187 cum
444 1130 507 1203 ipso
521 1132 640 1204 agerent
657 1128 695 1188 de
714 1127 895 1201 suscipiendo
913 1128 1097 1187 interimeris
1116 1110 1164 1187 illo
1184 1128 1313 1203 interim,
1336 1130 1421 1187 minis
1436 1144 1541 1186 aureos

366 1240 477 1294 montes
491 1235 730 1319 pollicitationum
748 1234 988 1307 intermiscentes,
1009 1233 1094 1307 iusta
1109 1232 1215 1291 Christi
1229 1234 1427 1308 prouerbium:
1448 1232 1542 1292 Tibiis

366 1341 407 1399 illi
421 1341 629 1415 precinebant,
653 1346 684 1399 et
696 1340 789 1399 uoluit
803 1338 841 1399 ad
856 1355 956 1399 eorum
971 1338 1097 1399 cithares
1117 1345 1249 1414 cantare,
1272 1339 1297 1397 si
1312 1339 1455 1413 eiularent
1469 1355 1541 1413 qno·

367 1462 422 1520 que
436 1446 589 1505 lamentari
609 1446 710 1506 noluit.
749 1446 807 1506 Sed
828 1445 1079 1506 christianissimus
1099 1446 1233 1519 princeps
1255 1444 1303 1504 hic
1322 1461 1421 1505 murus
1444 1462 1544 1504 aeneos

367 1557 446 1626 erat,
463 1550 511 1610 dei
525 1550 620 1625 gratia
639 1552 669 1610 in
684 1552 830 1625 agnitione
849 1550 931 1611 verbi
953 1551 1114 1611 constitisse
1134 1566 1170 1609 ec
1189 1550 1282 1610 adhuc
1302 1550 1432 1624 ejusdem
1453 1551 1543 1609 animi

366 1658 481 1717 interim
505 1672 537 1716 se
559 1670 615 1716 non
643 1656 803 1730 suscepturi
829 1672 892 1716 esse
920 1656 1034 1717 dicitnr.
1082 1656 1172 1730 Quem
1197 1656 1267 1716 deus
1289 1656 1410 1732 posthac
1431 1655 1546 1715 miseri·

367 1762 466 1822 cordia
486 1779 539 1821 sua
558 1763 739 1824 corroborari
754 1768 784 1823 et
798 1760 961 1821 confirmari
979 1764 1010 1821 in
1024 1764 1173 1839 proposito
1194 1761 1250 1821 hoc
1272 1766 1371 1821 sancto
1395 1760 1543 1835 dignetur,

367 1882 420 1927 nec
439 1867 485 1927 vel
504 1868 588 1927 minis
607 1874 658 1929 aut
678 1872 756 1929 metu
775 1869 968 1943 periculorum
986 1884 1039 1927 nec
1058 1862 1193 1953 inescatis
1212 1865 1469 1943 pollicitationibus
1489 1882 1545 1924 cae·

367 1973 441 2032 seris
455 1990 474 2033 a
487 1979 568 2033 recte
584 1973 723 2035 dimoveri
737 1976 826 2048 sinat,
847 1972 899 2033 sed
913 1978 947 2032 ut
965 1972 1054 2047 coepit
1073 1988 1153 2033 suam
1174 1974 1295 2048 gloriam
1307 1979 1447 2047 operetur
1461 1972 1492 2030 in
1510 1986 1545 2031 eo

339 2107 348 2115 -
367 2079 460 2153 ipsum
475 2077 648 2155 confortans,
664 2079 815 2139 consolans
826 2094 861 2138 ac
872 2076 984 2151 fovens,
999 2082 1118 2153 propter
1127 2076 1147 2138 J
1148 2094 1226 2138 esum
1236 2076 1380 2139 Christum
1396 2076 1545 2137 domiuum

367 2188 506 2245 noemam.
530 2184 632 2246 Amen.

456 2290 573 2351 Gertum
594 2294 639 2350 est
659 2290 801 2365 extemplo
822 2294 887 2364 post
906 2290 982 2351 hanc
1001 2292 1116 2350 cesaris
1138 2290 1176 2351 ad
1196 2291 1349 2351 electorem
1367 2289 1545 2364 legationem

368 2394 550 2471 Hcffinanno,
566 2400 648 2457 uteo
663 2397 713 2470 qui
725 2397 822 2456 calcar
836 2396 955 2457 electori
969 2402 1071 2470 sponte
1087 2396 1213 2455 sumenti
1228 2394 1364 2469 adderet,
1383 2396 1546 2469 injunctum

368 2518 441 2576 esse,
458 2502 630 2577 uthugusta
644 2501 774 2561 diemdat
788 2506 818 2561 et
831 2518 995 2577 quanquam
1009 2504 1105 2561 nescio
1121 2502 1158 2561 ob
1174 2518 1294 2575 quorum
1309 2500 1547 2561 intercessionem

368 2607 475 2667 cotidui
495 2613 621 2683 ternpus,
644 2623 681 2667 ne
696 2607 732 2667 de
751 2607 903 2682 repentina
924 2606 994 2682 fuga
1016 2607 1152 2681 conqueri
1174 2610 1286 2680 posset,
1310 2606 1352 2665 illi
1376 2620 1547 2666 eoncessum

369 2718 454 2787 esset,
469 2718 566 2772 tamen
580 2715 622 2773 sic
629 2712 748 2773 Cerberi
762 2713 841 2772 cauis
856 2711 957 2773 dentes
972 2714 1078 2774 micare
1092 2712 1172 2787 uidit,
1188 2718 1222 2773 ut
1236 2710 1307 2770 nihil
1321 2711 1408 2785 spatii
1424 2710 1461 2769 de
1476 2708 1548 2785 fuga

369 2818 512 2892 cogitandi
531 2818 574 2877 illi
591 2818 819 2892 relinqueretur,
842 2818 895 2878 sed
913 2819 1069 2879 consultius
1088 2818 1152 2879 fore
1172 2822 1308 2894 expertus
1328 2817 1382 2891 sit,
1406 2831 1444 2875 ne
1460 2816 1545 2875 semi·

368 2924 469 2984 horam
485 2923 598 2999 qrridem
612 2940 721 2984 moram
740 2923 859 2984 iaceret.
897 2925 956 2986 Sed
974 2924 1037 2983 hoec
1057 2922 1175 2986 fortuna
1194 2930 1228 2984 ut
1247 2924 1302 2996 piis
1323 2939 1382 2982 non
1401 2927 1447 2983 est
1460 2938 1547 2995 nova,
1593 2940 1597 2949 ·

369 3028 412 3089 ita
427 3033 458 3088 et
471 3028 539 3088 huic
552 3030 629 3089 hono
642 3030 706 3089 uiro
722 3046 779 3088 non
794 3028 848 3089 soli
862 3030 991 3105 contigit.

458 3133 589 3208 Optimus
603 3140 698 3195 autem
718 3135 776 3195 dux
789 3136 917 3195 loannes
931 3134 1095 3195 Fridericus
1116 3135 1235 3209 elector,
1257 3133 1312 3193 etsi
1325 3131 1367 3192 illi
1386 3148 1446 3193 non
1462 3128 1548 3191 lieret

369 3239 492 3299 facultas
514 3244 544 3299 et
558 3241 646 3300 animi
659 3244 690 3301 et
708 3242 837 3317 eorporis
858 3242 948 3315 ipsius
969 3240 1090 3311 amioum
1111 3240 1235 3316 alloqui,
1258 3244 1356 3299 tomen
1377 3238 1490 3311 eidem,
1515 3242 1548 3295 ot

369 3362 441 3405 uere-
452 3361 528 3405 nunc
544 3346 580 3406 de
594 3353 655 3407 tam
668 3348 803 3422 opulento
818 3347 947 3420 principe
966 3344 1023 3407 dici
1037 3350 1146 3422 potest,
1168 3345 1198 3405 in
1213 3343 1418 3422 paupertatula
1433 3358 1487 3403 sua
1503 3342 1545 3403 vi-

371 3452 443 3527 ginti
458 3468 509 3511 sex
522 3450 651 3512 thaleros
664 3452 695 3511 in
709 3452 843 3512 viaticum
857 3451 943 3511 misit.
1151 3434 1152 3439 ἵ

459 3557 540 3617 Inter
553 3562 664 3631 cetera,
684 3573 748 3631 que
763 3558 896 3634 princeps
916 3559 1024 3618 elector
1043 3557 1214 3617 caesareenis
1227 3556 1365 3616 ministris
1384 3556 1546 3630 respondit,

371 3663 434 3722 hee
456 3663 679 3722 intenuiecuisse
701 3662 822 3739 dicitur,
845 3680 877 3723 se
892 3664 969 3723 nolle
989 3680 1042 3723 suo
1061 3664 1190 3738 exemplo
1211 3666 1256 3721 tot
1274 3662 1364 3721 millia
1386 3662 1546 3721 anhnarum

371 3767 503 3845 perdere,
518 3770 696 3842 potisdmum
710 3767 787 3842 qood
801 3773 881 3829 certo
895 3784 1065 3844 persuasum
1079 3769 1199 3843 habeat,
1215 3768 1240 3827 si
1253 3767 1300 3827 vel
1315 3772 1432 3826 cunctas
1447 3764 1546 3826 mundi

372 3887 442 3948 open
454 3874 578 3933 nancisci
590 3878 697 3949 possm,
715 3890 746 3933 se
756 3877 854 3934 tamen
867 3872 905 3935 ad
917 3890 1057 3934 summum
1069 3875 1144 3934 hanc
1155 3874 1288 3932 miseram
1300 3873 1390 3933 vitam
1404 3870 1442 3931 ad
1457 3886 1546 3932 anuos

372 3982 498 4052 quotuor
511 3978 627 4038 trahere
642 3995 700 4040 non
714 3995 816 4053 posse,
838 3994 893 4038 nec
907 3996 970 4039 esse
985 3979 1063 4054 quod
1084 3979 1196 4040 amissis
1219 3977 1375 4039 ditionibus
1390 3976 1545 4037 ethonore

373 4096 470 4142 eorem
483 4083 590 4143 mundo
604 4082 732 4157 corporis
752 4085 851 4160 agnita
870 4084 994 4147 ueritate
1013 4086 1144 4161 neglecta
1157 4084 1195 4145 oh
1209 4080 1300 4143 fluxas
1315 4082 1430 4144 dividas
1445 4080 1545 4142 hume·

372 4204 425 4249 nas
438 4187 539 4250 feriari
552 4191 631 4250 uelit.
726 4187 736 4207 ⁸

461 4294 499 4355 D.
516 4295 660 4369 Casperus
673 4294 780 4371 Aquila
795 4295 831 4356 de
850 4296 947 4355 multis
965 4296 1113 4357 uobiscum
1133 4294 1253 4356 contulit
1272 4298 1302 4355 et
1321 4308 1373 4353 nos
1394 4308 1448 4351 sna
1470 4297 1544 4351 cate·

373 4401 460 4475 chesi,
476 4416 562 4475 quam
572 4402 611 4462 ad
620 4400 831 4463 Theodericum
841 4378 1080 4461 aBrandensteiu
1091 4402 1214 4476 scripsit,
1230 4400 1332 4475 virum,
1347 4401 1423 4457 teste
1431 4396 1543 4470 Aquila,

374 4504 527 4582 singularis
541 4505 673 4583 pietatis,
689 4506 816 4568 donavit.
1257 4556 1264 4567 .

462 4612 574 4673 Eadem
591 4615 669 4673 inter
688 4612 830 4687 hmones,
853 4629 966 4674 socrum
987 4608 1116 4673 nostram
1129 4612 1165 4671 de
1180 4612 1310 4672 Reussen
1332 4608 1370 4670 ob
1391 4609 1497 4669 limites
1518 4610 1545 4664 et

374 4714 486 4789 lapides
505 4717 672 4778 terminales
690 4718 769 4779 dieta
787 4716 896 4778 indicta
914 4722 978 4779 erat
999 4734 1095 4779 coram
1116 4718 1309 4778 commissario
1330 4712 1509 4775 Theoderico
1528 4726 1544 4769 a

377 4817 535 4881 carleuitz.
