3700 5692
890 728 934 794 85

853 920 964 973 ’unxina

409 1024 581 1073 metucns.
605 1026 766 1089 osouerus,
788 1032 916 1078 sacceus
939 1034 1063 1081 rasurus
1084 1039 1250 1087 suuusraur
1273 1044 1405 1090 ussurus
1421 1048 1497 1092 ras-

308 1131 392 1177 ›rsss
414 1134 475 1189 cua
495 1132 574 1178 soso
596 1133 714 1178 aureus.
735 1136 878 1199 sanares,
902 1140 985 1195 onas
1007 1142 1163 1189 roaruusu
1185 1142 1359 1194 naxuroaun
1381 1149 1496 1196 casaur

317 1239 379 1283 ouo
401 1239 554 1283 accurras
579 1242 609 1284 m
631 1239 736 1285 seruis
758 1242 961 1289 nsvansunsu
982 1248 1047 1291 narr
1071 1248 1109 1293 oa
1131 1252 1291 1313 rrnrnrau,
1315 1230 1442 1299 Ellllllhll
1466 1256 1495 1301 rs

317 1344 477 1389 marana
492 1344 677 1390 crasmarus
693 1346 778 1392 mers
793 1350 841 1395 cur
858 1352 915 1396 cua
932 1350 1029 1397 orsus
1045 1354 1081 1398 nr
1097 1355 1187 1401 curru
1208 1357 1392 1404 suaseramus
1408 1359 1493 1405 rausa

316 1449 373 1494 san
389 1448 537 1494 caussam
553 1450 788 1499 amoasurmus.

694 1537 697 1543 ’
861 1563 951 1605 nnn.

407 1644 532 1718 Quidam
546 1651 642 1706 autem
657 1663 693 1706 er
711 1648 796 1721 hujus
821 1650 874 1708 vici
890 1651 991 1711 incolis
1017 1654 1129 1713 ceteris
1143 1662 1250 1729 praeest
1264 1674 1298 1717 ac
1313 1674 1348 1717 ex
1363 1675 1491 1733 unaqua-

315 1761 375 1825 que
389 1750 475 1812 domo
489 1750 629 1813 florenum
636 1758 761 1813 *tantum
776 1754 953 1830 Augustanus
974 1764 1097 1818 moneta
1117 1761 1235 1836 recipit,
1259 1780 1317 1823 non
1332 1765 1447 1837 quidem
1462 1768 1491 1827 in

314 1858 517 1932 Fuggcrorum
532 1864 705 1934 proventus,
727 1860 779 1921 sed
793 1842 834 1936 ut,
859 1860 973 1923 siiorte
989 1863 1115 1939 Fuggeri
1131 1881 1188 1926 non
1203 1871 1356 1945 supersint,
1381 1870 1490 1946 domus,

314 1963 341 2021 si
355 1978 414 2036 qua
429 1980 511 2038 opus,
527 1962 607 2023 retici
622 1980 659 2024 ex
672 1963 728 2024 bac
741 1968 863 2039 pecunia
877 1973 995 2041 queant.

403 2068 516 2128 Eadem
537 2070 655 2129 nuncius
677 2069 842 2145 pontificius
863 2073 1015 2132 aduenisse
1035 2073 1183 2135 dicebatur
1203 2076 1335 2138 adferens
1352 2097 1370 2141 a
1385 2080 1491 2141 Christi

307 2174 424 2233 ›vicario
438 2171 514 2233 forte
528 2191 547 2234 a
562 2174 677 2236 Christo
692 2177 808 2237 domino
822 2194 969 2251 nunquam
983 2179 1029 2237 uel
1045 2180 1169 2254 cogitato
1182 2183 1229 2243 uel
1240 2184 1330 2257 iussa.

404 2278 441 2339 D.
458 2279 586 2340 loannes
602 2279 729 2357 Occleus,
746 2285 898 2343 canonicus
913 2273 1121 2345 Eichstetensis
1144 2292 1172 2345 et
1187 2287 1322 2361 vindicta,
1338 2287 1490 2354 infeliciorl

313 2389 411 2444 tamen
427 2401 560 2446 successu
576 2402 662 2462 quam
677 2393 710 2447 ut
723 2390 877 2462 prouerbio
893 2390 998 2449 dicitur
1022 2390 1187 2467 (scarabeus
1202 2393 1339 2467 aquilam)
1355 2396 1488 2457 incitatus

313 2491 420 2550 librum
435 2493 605 2567 conscripsit
619 2499 720 2553 contra
734 2501 842 2554 nostra
856 2496 1004 2570 religionis
1019 2502 1070 2555 aut
1085 2497 1110 2556 si
1125 2498 1215 2557 mavis
1227 2498 1404 2573 Augustanae
1418 2518 1487 2563 con·

313 2597 449 2659 fessionis
470 2599 617 2659 auditores
637 2605 666 2658 et
693 2600 880 2661 collocutores
906 2602 936 2660 in
964 2602 1106 2676 colloquio
1133 2602 1299 2664 Ratisbonae
1326 2608 1488 2680 germanice

314 2704 401 2764 Denn
423 2702 572 2763 Nachtrab
591 2704 706 2763 titulum
720 2705 831 2766 indidit.
871 2707 919 2766 Sic
934 2707 970 2766 ad
993 2707 1124 2767 sordidos
1140 2708 1299 2782 pontificios
1315 2713 1444 2773 scarabei
1459 2719 1489 2773 et

314 2812 421 2871 mdeae
435 2826 500 2868 cum
523 2809 640 2869 lubricis
660 2808 809 2870 limacibus
833 2817 999 2888 arreptant,
1022 2814 1089 2873 dum
1104 2814 1232 2874 homines
1253 2817 1361 2889 pietate
1376 2822 1405 2876 et
1420 2818 1486 2877 doc·

313 2918 391 2977 trina
405 2915 523 2991 probati
533 2916 621 2975 celeri
631 2930 720 2973 ‘cursu
735 2918 782 2977 uel
796 2924 880 2993 terga
894 2923 1018 2992 uertere,
1034 2920 1080 2978 vel
1094 2920 1219 2979 latebras
1235 2937 1366 2993 quarere
1381 2938 1486 2997 cogun-

312 3028 370 3081 tur.
395 3021 468 3094 Quae
482 3026 578 3079 tamen
592 3022 677 3080 latuit
692 3021 741 3080 diu
757 3027 787 3081 et
800 3023 916 3083 tandem
927 3026 1048 3098 emergit
1059 3026 1167 3085 veritas
1183 3026 1357 3101 postliminio
1372 3029 1488 3101 auspice

315 3128 433 3187 Christo
447 3125 642 3199 triumphabit.

401 3232 457 3291 Est
466 3235 496 3289 et
505 3230 736 3305 Augustoejmrta
745 3232 922 3305 ponticulum
935 3233 1076 3303 quendam
1091 3236 1230 3306 posticum
1245 3237 1275 3295 in
1292 3236 1427 3298 suburbia
1438 3254 1486 3298 ex-

312 3336 447 3397 euntibus
462 3352 570 3409 munus,
585 3336 616 3393 in
631 3352 689 3409 quo
701 3336 840 3395 insanum
855 3336 974 3409 aliquod
987 3353 1040 3419 sex
1054 3338 1192 3411 imagines
1202 3344 1357 3412 puerorum
1364 3342 1488 3416 insculp-

313 3448 359 3501 tas
374 3441 475 3502 ddere
490 3448 543 3502 est
582 3442 647 3502 Hoc
667 3448 879 3502 monumentum
898 3443 1004 3517 hospes
1024 3448 1123 3502 noster
1138 3443 1168 3500 in
1182 3446 1349 3504 memoriam
1363 3447 1488 3520 positum

311 3564 375 3608 csse
390 3548 441 3621 sit,
457 3548 536 3620 quod
549 3552 594 3607 tot
609 3565 728 3609 numero
743 3551 825 3622 pueri
839 3549 944 3609 ibidem
964 3550 1084 3608 choreas
1100 3549 1236 3608 ducentes
1252 3551 1281 3607 in
1304 3550 1391 3623 Lyco,
1407 3551 1487 3623 cnjus

311 3653 491 3713 brachiolum
506 3652 607 3713 subter
620 3656 796 3728 pontimlum
809 3653 964 3729 transfluit,
981 3653 1121 3713 submersi
1137 3658 1210 3712 sunt.

400 3758 459 3818 Vix
472 3758 554 3818 nobis
569 3760 606 3820 ad
621 3760 775 3836 hospitium
791 3761 915 3820 reuersis
932 3760 1102 3820 secretarius
1118 3756 1233 3832 quidam
1248 3758 1374 3832 episcopi
1381 3758 1485 3819 Mona·

310 3864 470 3938 aleriensis,
478 3867 575 3939 patrui
583 3868 682 3941 nostri,
693 3866 780 3940 uenit,
791 3866 948 3939 sciscitans,
960 3880 1027 3924 num
1035 3864 1134 3925 literas
1145 3864 1269 3938 episcopi
1278 3864 1393 3923 nomine
1407 3878 1485 3923 race-

309 3972 438 4045 perimus
453 3986 491 4028 an
506 3985 596 4030 secus.
621 3970 674 4030 Gui
683 3970 830 4045 respondi,
846 3970 918 4030 nihil
932 3971 1081 4031 literarum
1097 3970 1133 4029 ab
1149 3971 1283 4045 episcopo
1297 3969 1365 4029 mihi
1380 3970 1426 4029 hic
1435 3970 1485 4029 ob·

309 4076 433 4137 uenisse.
450 4074 588 4134 Exhibuit
597 4076 687 4148 igitur
694 4075 764 4133 mibi
774 4074 911 4149 legendas
922 4077 1070 4150 epistolas,
1081 4076 1111 4135 iu
1123 4076 1226 4149 quibus
1237 4076 1292 4150 ipsi
1303 4076 1341 4135 ab
1351 4077 1487 4151 episcopo

309 4184 471 4257 injunctum
493 4186 572 4254 erat,
593 4184 627 4237 ut
641 4196 728 4255 super
742 4180 840 4253 aliquo
854 4182 973 4255 negocio
988 4183 1019 4241 in
1033 4182 1163 4241 absentia
1178 4182 1325 4241 Francisci
1340 4182 1404 4253 Dey
1419 4180 1487 4239 mihi

310 4290 421 4362 scripta
434 4286 563 4360 episcopi
576 4284 707 4359 offerret,
729 4291 762 4345 ut
775 4286 812 4345 de
835 4287 889 4345 hac
904 4304 937 4345 re
953 4286 1031 4360 apud
1046 4286 1224 4345 consiliarios
1241 4286 1362 4345 Caesaris
1377 4298 1486 4357 praesu·

309 4396 369 4455 lem
375 4408 554 4452 excusarem.
570 4390 868 4466 Exhibenspraeterea
878 4392 985 4465 scripta
1001 4389 1057 4449 duo
1066 4390 1205 4450 Lazamm
1218 4389 1254 4448 de
1264 4387 1413 4448 Schwendi
1420 4402 1486 4446 con-

311 4499 470 4560 cernentia.
495 4498 610 4557 Literas
624 4514 694 4557 vero
705 4496 743 4556 ad
754 4513 800 4556 me
819 4498 901 4556 datas
917 4496 1090 4555 secretarius
1103 4500 1131 4553 et
1141 4510 1194 4568 ego
1206 4494 1243 4553 ab
1257 4494 1320 4567 ipso
1332 4492 1444 4554 Lazaro
1460 4500 1489 4555 et

310 4607 487 4679 interceptas
502 4609 533 4663 et
545 4604 636 4663 lectas
650 4602 873 4679 suspicabamur,
884 4618 984 4660 uerum
993 4600 1023 4660 id
1033 4600 1117 4659 aliter
1128 4605 1229 4674 postea
1243 4594 1487 4673 compertum'est.

310 4712 444 4771 Petierat
457 4714 554 4769 autem
575 4706 725 4769 Schwendi
740 4724 758 4766 a
772 4712 875 4780 patruo
895 4711 995 4765 nostro
1015 4706 1096 4779 jussu
1119 4704 1165 4779 (ut
1178 4704 1241 4779 ipse
1256 4706 1384 4765 Lazarus
1399 4706 1488 4778 scrip·

311 4814 362 4892 sit)
378 4816 520 4877 casareae
536 4814 705 4889 majestatis,
721 4812 798 4871 nt-in
812 4812 1039 4887 supplementum
1054 4813 1196 4873 exercitus
1211 4810 1402 4872 obsidentium
1417 4811 1488 4871 Ver·
