3700 5692
841 726 903 800 ill

281 913 351 991 tiaci
370 910 507 975 dominici
527 911 701 987 praeposius
727 911 873 974 uobiscum
895 914 1031 975 noticiam
1051 916 1117 977 iniit
1140 930 1174 977 ec
1197 916 1264 977 vina
1285 917 1455 991 prelibasit.

280 1018 396 1089 Deinde
409 1017 564 1092 hospitium
571 1017 718 1079 Wilholmi
731 1023 905 1094 repetentes,
921 1025 956 1081 ιιι
969 1037 1017 1081 res
1032 1025 1188 1082 evenerant
1201 1019 1455 1097 illireiercbumus‚

281 1130 399 1185 orantes
413 1128 446 1183 ut
460 1125 524 1199 ipse
539 1122 575 1183 ab
590 1122 805 1200 archiepiscopo
821 1125 1027 1201 sciscitaretur,
1049 1126 1184 1200 quidnam
1199 1127 1396 1199 Atrebatemis
1409 1146 1455 1191 re·

279 1229 458 1307 spoudisset,
487 1228 566 1302 quod
592 1234 675 1289 etse
698 1227 840 1291 iacturum
862 1232 1002 1305 promisit.
1041 1232 1128 1307 Apud
1151 1234 1226 1293 hanc
1246 1234 1322 1293 iuter
1345 1239 1456 1295 eeteros

278 1350 404 1410 pransus
424 1339 489 1395 arat
507 1332 731 1408 Christophorus
748 1335 881 1409 princeps
901 1336 1120 1413 aWirtenherg
1134 1344 1164 1399 et
1178 1354 1270 1399 comes
1286 1338 1454 1401 Montisbel·
1484 1396 1486 1401 ,

278 1440 397 1515 licendi,
421 1440 526 1501 Petrus
541 1457 559 1500 s
573 1440 704 1515 Kourits,
721 1441 841 1501 Josnuis
856 1441 999 1503 Frideriei
1014 1444 1147 1505 electoris
1162 1444 1368 1519 monachalem,
1390 1446 1455 1507 Fri·

278 1548 395 1609 derieus
409 1546 448 1608 ah
462 1545 632 1621 Oettingeu,
649 1545 737 1612 Ottho
751 1562 769 1606 a
784 1546 988 1623 Seleucensem,
1005 1556 1034 1609 et
1049 1549 1218 1610 wilhelmus
1232 1569 1251 1611 a
1265 1550 1455 1626 Witgenstein

277 1654 409 1717 comites.
1270 1729 1279 1737 ,

370 1756 482 1819 Eadem
506 1758 562 1819 emi
584 1759 722 1833 iussimus
749 1758 903 1833 pugionem
923 1760 1092 1821 deauratum
1113 1760 1306 1823 hilihuldicum
1325 1764 1356 1823 in
1376 1780 1456 1823 nsum

278 1864 428 1927 wilhelmi
443 1865 555 1925 comitis
569 1864 607 1924 ah
621 1863 809 1939 Henneherg,
831 1881 915 1939 quem
930 1881 993 1925 cum
1008 1868 1104 1941 magni
1126 1868 1182 1925 emi
1201 1875 1380 1945 putaremus,
1404 1888 1457 1944 pro

278 1988 339 2031 uno
353 1970 468 2031 thalero
484 1970 719 2044 compererimus.

368 2076 503 2135 Haeceine
518 2075 580 2135 dies
596 2075 701 2149 docuit,
718 2090 804 2149 quem
819 2091 917 2135 verum
925 2078 972 2151 sit,
986 2077 1028 2136 its
1037 2095 1055 2139 u
1064 2069 1168 2138 nutura
1178 2084 1372 2153 comparatum
1383 2098 1455 2156 esse,

278 2187 311 2241 ut
325 2179 539 2256 potentioribus
552 2180 747 2255 blandiamur,
771 2182 884 2241 etiamsi
899 2198 998 2243 eorum
1012 2186 1122 2243 animos
1136 2184 1226 2263 proha
1246 2201 1316 2261 erga
1334 2203 1386 2247 nos
1406 2204 1455 2247 cr·

281 2288 358 2362 perti
372 2286 472 2362 munus,
487 2302 524 2347 ue
537 2285 574 2347 de
587 2286 676 2347 illatis
690 2286 805 2361 injuriis
818 2286 920 2347 dicam.

368 2392 463 2453 Adest
476 2397 508 2453 et
520 2390 569 2452 hie
581 2392 720 2468 Auguste
735 2393 863 2453 Josnnes
877 2394 1013 2455 Kesseler
1028 2394 1144 2455 Kalden
1159 2395 1380 2459 Fritzlarieusis.

371 2496 495 2559 Domine
518 2499 602 2574 deus,
626 2500 657 2559 in
679 2501 759 2574 euius
780 2516 864 2559 menn
885 2515 983 2560 omnes
1003 2499 1075 2561 fines
1095 2508 1182 2561 terrae
1196 2508 1263 2563 suut
1277 2518 1330 2563 nec
1350 2520 1408 2565 uon
1428 2510 1457 2565 et

279 2604 369 2667 corda
390 2620 492 2679 regum
514 2609 544 2665 et
565 2606 740 2681 principum,
771 2606 821 2679 qui
844 2606 919 2665 nosti
942 2608 1028 2667 etiam
1048 2608 1107 2669 ¹tuis
1127 2625 1163 2667 ex
1184 2608 1305 2669 inimicis
1334 2610 1457 2673 salutem

279 2711 363 2786 dare,
385 2726 423 2771 ne
437 2711 515 2771 sinas
529 2711 614 2785 exugi
628 2712 796 2786 pauperiem
810 2728 923 2788 esrum,
947 2714 1049 2787 quibus
1064 2732 1110 2775 me
1124 2731 1249 2790 praeesse
1267 2717 1396 2792 voluisti,
1419 2736 1456 2781 ne

280 2818 469 2879 calumnietur
484 2820 560 2879 iuter
575 2835 625 2879 eos
639 2833 743 2877 nomen
757 2824 838 2879 tuum
853 2824 884 2879 et
897 2820 999 2894 pupilli
1013 2836 1049 2880 ae
1063 2821 1157 2881 viduae
1171 2823 1299 2897 lugeant,
1314 2829 1456 2885 memento

280 2923 497 2985 miserationum
511 2929 626 2985 tuarum
640 2926 822 2999 antiquarum
837 2932 868 2987 et
881 2926 1035 3001 fflqnandc
1050 2942 1203 2987 conversus
1217 2945 1270 2999 nos
1289 2928 1320 2988 in
1343 2928 1456 2991 Christo
1496 2948 1499 2953 ·

281 3028 395 3089 dominc
413 3030 540 3104 respice,
563 3032 612 3104 qui
635 3036 729 3091 meum
750 3037 779 3089 et
797 3047 860 3092 cam
881 3048 904 3091 s.
926 3032 1028 3105 spirita
1048 3034 1119 3094 vivit
1138 3038 1168 3094 et
1186 3039 1289 3109 regnat
1307 3037 1337 3094 in
1352 3050 1455 3113 perpe·
1524 3118 1526 3121 Ι

281 3141 368 3197 mum.
403 3135 505 3195 Arnen.

369 3241 428 3314 Qui
442 3241 481 3303 ad
494 3242 627 3303 Rhenum
643 3247 851 3303 commorantes
865 3242 922 3301 hnc
936 3248 1088 3319 venerumt,
1112 3247 1211 3307 vineas
1227 3253 1257 3306 et
1272 3252 1384 3321 segetes
1405 3247 1455 3309 ho-

283 3364 349 3409 uam
362 3363 445 3421 spem
458 3344 606 3409 fertilioris
621 3350 691 3409 anni
704 3347 877 3425 portendere
890 3349 999 3410 dicunt.

367 3451 479 3513 Eadem
493 3454 642 3514 nobiseum
655 3456 780 3515 eoeuavit
793 3455 830 3515 N.
847 3472 866 3515 a
880 3455 1150 3529 schwartzenstein,
1172 3455 1338 3517 adolescens
1353 3456 1457 3517 nobilis

281 3577 315 3620 ex
333 3559 437 3621 aulicis
456 3558 638 3635 leudtgrsaii.
668 3560 725 3619 Hic
744 3561 826 3621 uobis
845 3562 958 3635 retulit,
980 3561 1058 3637 quod
1079 3562 1193 3623 domina
1212 3563 1346 3638 princeps
1366 3580 1456 3637 usque

279 3668 309 3727 in
322 3666 402 3726 hune
422 3666 498 3736 diem
516 3666 709 3743 Hailpruune
728 3665 806 3743 apud
825 3670 960 3727 maritum
980 3666 1080 3743 inerit,
1104 3673 1134 3729 et
1153 3684 1210 3743 qua
1230 3669 1408 3729 humanitate
1428 3674 1457 3729 ιι

279 3773 391 3833 honore
405 3770 484 3831 illam
498 3771 576 3831 Iberi
589 3773 694 3833 milites
709 3775 888 3848 acceperint,
911 3780 1125 3849 torneamenta,
1147 3782 1183 3855 ut
1193 3780 1309 3849 vocant,
1330 3779 1360 3834 et
1373 3775 1456 3835 ludos
1517 3756 1521 3761 ⁵

280 3879 420 3940 militares
450 3879 627 3939 instituerint
653 3896 689 3941 ae
714 3895 815 3941 zonam
840 3883 962 3941 sericam
985 3880 1104 3941 choreas
1128 3881 1258 3943 ducendo
1285 3879 1456 3945 inflexerint.

280 3986 352 4045 Item
368 3983 446 4057 quod
460 3984 633 4058 pedissequa
648 3986 786 4061 principis
801 3986 883 4059 virgo
898 3983 935 4044 de
959 3984 1158 4049 Breidenhach
1179 4004 1214 4047 ex
1234 3984 1310 4047 humo
1331 3988 1457 4063 pulveris

280 4091 461 4151 tormentarii
477 4106 552 4165 pene
567 4096 597 4151 et
611 4093 773 4153 exanimata
787 4096 817 4152 ιι
838 4095 964 4152 exuncm
983 4089 1070 4151 luerit
1089 4099 1117 4154 et
1140 4094 1219 4167 quod
1238 4092 1330 4153 adhm
1350 4096 1380 4153 in
1398 4096 1456 4155 lec·

281 4198 338 4256 tica
352 4196 591 4257 circumvehutur.
622 4198 693 4267 Item
710 4198 785 4272 quod
800 4197 945 4257 Adrianus
961 4214 978 4256 a
994 4198 1116 4258 Zertzen
1131 4207 1266 4261 consueto
1286 4218 1337 4261 suo
1357 4198 1457 4259 morbo

279 4303 413 4379 podagra
426 4302 549 4363 laborat.
790 4370 796 4379 Ι
1027 4386 1029 4392 Ι
1048 4308 1049 4315 ’

370 4406 513 4483 Georgius
544 4408 734 4484 aMolsperg
757 4388 866 4470 neutris
888 4408 1058 4469 terminibus
1081 4408 1222 4469 dirissime
1246 4410 1388 4469 cruciatus
1411 4411 1457 4495 sit.

279 4514 394 4575 Doctor
409 4512 552 4589 Georgius
567 4530 584 4573 a
598 4513 789 4589 Boumelherg
804 4515 883 4575 tibiae
897 4512 1121 4575 inflammatione
1136 4517 1265 4573 vexetur.
1294 4516 1366 4575 Item
1381 4518 1458 4591 quod

278 4636 421 4694 equorum
440 4620 618 4681 incommoda
637 4619 753 4681 domina
767 4622 902 4695 princeps
916 4636 1001 4695 passe
1016 4621 1062 4679 sit.
1091 4618 1255 4694 Philippum
1270 4626 1365 4681 eutem
1379 4624 1458 4709 prin-

280 4728 375 4801 cipem
389 4724 538 4799 Eslingnm
552 4724 711 4792 mceudum
726 4728 776 4786 ait.
1190 4704 1195 4713 l

374 4831 453 4892 Nota
476 4830 512 4891 de
535 4828 682 4908 eonopoeo
704 4833 734 4891 in
757 4831 874 4896 Vnerda
895 4831 934 4893 ad
955 4828 1120 4891 Danubium
1141 4832 1285 4909 principe,
1299 4832 1457 4910 ,vigilibus
