3700 5692
958 748 1022 815 leo

406 937 540 1007 paretur,
563 935 614 992 aut
635 931 660 989 si
682 928 714 989 id
735 944 757 991 1
768 934 873 991 senatu
886 931 1094 1007 negligeretur,
1116 930 1424 1009 caesarem'bujnsmodi
1438 936 1555 997 ecelesia

405 1044 470 1098 stou
486 1039 683 1097 coerciturum.
717 1038 824 1096 Verum
839 1036 947 1095 nullam
961 1037 992 1095 in
1006 1038 1120 1097 homine
1135 1053 1250 1099 oausam
1264 1039 1393 1099 invenire
1406 1046 1555 1116 potueruut.

405 1142 459 1203 Ast
474 1143 544 1217 quid
558 1141 662 1216 aquilis
678 1157 742 1200 cum
757 1143 861 1217 exiguo
875 1141 1030 1201 Musonio?

493 1247 698 1307 Butzenhoren
716 1263 809 1322 pagus
828 1251 873 1305 111
891 1245 930 1306 ab
951 1247 1083 1322 Augusta
1104 1264 1162 1309 uno
1182 1252 1234 1309 aut
1256 1249 1349 1311 altero
1369 1250 1471 1311 miliari
1488 1250 1557 1311 dissi-

404 1353 484 1414 dens.
508 1353 565 1414 Ubi
580 1370 644 1411 cum
658 1353 732 1412 bene
747 1358 909 1412 nummatus
931 1352 1035 1425 aliquis
1054 1354 1178 1413 rusticus
1197 1352 1286 1416 filiolo
1301 1372 1353 1417 suo
1367 1356 1479 1431 nuptias
1492 1354 1556 1415 lare·

404 1465 463 1534 ret,
484 1459 521 1519 ab
540 1474 575 1518 eo
597 1466 628 1517 11
648 1459 776 1518 Joannes
791 1456 900 1516 Gessen
922 1457 1027 1533 hospes
1050 1464 1149 1518 noster
1166 1464 1293 1519 uocatus.
1332 1460 1403 1521 llum
1418 1465 1508 1522 111111
1522 1460 1559 1537 (11

404 1564 482 1640 apud
503 1580 554 1625 eos
568 1564 713 1637 Bavmos,
735 1563 837 1636 quibus
851 1562 1020 1622 Wilbelmus
1040 1562 1098 1621 dux
1118 1562 1236 1640 praeest)
1259 1580 1365 1641 sponsa
1384 1567 1461 1627 circa
1479 1568 1558 1627 altare

405 1665 561 1755 inperetur
580 1677 609 1729 et
629 1666 804 1728 sacrificulus
826 1666 920 1727 adhuc
940 1670 1084 1727 missitare
1104 1669 1189 1729 altari
1203 1662 1417 1745 astaret,⁴ipso
1430 1670 1503 1732 lacto
1515 1688 1557 1747 pa·

403 1777 536 1852 pisticam
550 1754 717 1849 religionem
733 1774 867 1833 deridens
881 1773 988 1848 hospiti
1003 1780 1102 1833 nostro
1117 1780 1147 1835 et
1161 1775 1225 1834 aliis
1240 1776 1348 1836 civibus
1364 1792 1381 1836 1
1396 1778 1485 1836 culleo
1494 1793 1556 1852 pra·

404 1881 478 1939 bibit
497 1886 527 1939 et
541 1880 656 1939 eosdem
672 1896 707 1939 ex
721 1881 784 1953 ipso
806 1880 896 1938 calice
915 1880 954 1939 ad
970 1880 1095 1954 aequales
1116 1881 1235 1941 haustus
1255 1880 1354 1943 bibere
1378 1884 1513 1958 permisit,
1532 1886 1559 1941 ut

403 1987 485 2046 testis
500 1991 544 2045 est
559 1987 578 2044 J
580 2002 687 2046 oannes
703 1984 813 2045 Gessen
827 1991 857 2044 et
871 1985 920 2044 alii
936 1984 1099 2059 Augustani
1114 1986 1191 2045 11111
1202 1982 1260 2047 lide
1275 1986 1365 2061 digni.

493 2092 607 2151 Samuel
621 2091 700 2166 apud
714 2091 855 2151 Joannem
870 2092 1001 2150 comitem
1016 2106 1034 2149 1
1049 2090 1177 2163 Retberg
1191 2092 1324 2167 11111111,
1340 2092 1488 2154 nobiseum
1500 2108 1558 2153 roro

404 2198 471 2258 Otto
480 2198 675 2273 argentarius.
780 2229 803 2263 ,ι
1289 2177 1292 2181 ’

457 2346 460 2350 >
491 2303 602 2364 Eadem
624 2302 794 2363 Wilbelmus
817 2301 915 2360 senior
934 2302 1067 2377 princeps
1086 2292 1230 2361 comeret
1248 2302 1379 2363 dominus
1398 2304 1436 2365 ab
1457 2305 1557 2365 Heme-
1636 2357 1637 2365 ,

403 2410 475 2483 berg
494 2423 664 2484 responsum
684 2408 797 2468 Alberti
819 2406 991 2467 marchionis
1013 2404 1048 2464 de
1063 2406 1253 2482 Brandeburg
1272 2424 1361 2484 supra
1376 2426 1466 2471 censa
1477 2410 1557 2469 Fran

401 2515 471 2574 oisci
485 2514 522 2573 11
537 2513 648 2587 Daluig
662 2512 745 2574 nobis
759 2514 927 2573 transmisit.

492 2619 685 2692 iuliacenses,
714 2620 907 2679 Treuerenses
932 2616 1111 2677 1111111111
1136 2618 1185 2677 alii
1215 2620 1368 2693 protestati
1388 2626 1558 2699 suricorum

403 2723 524 2783 statibus
538 2724 652 2798 imperii
666 2723 702 2783 de
716 2725 805 2783 nimia
820 2726 968 2784 exactione
984 2724 1108 2783 cressris.
1147 2724 1205 2783 Sed
1225 2726 1293 2798 quia
1313 2725 1419 2787 durum
1437 2726 1559 2786 11111111-

403 2834 450 2897 tra
462 2828 606 2886 stimulum
622 2828 781 2904 calcitrare,
797 2830 941 2905 repulsam
956 2832 1034 2902 passi
1048 2833 1123 2889 sunt.

491 2950 509 2991 1
523 2933 603 2992 Junii
617 2935 772 2998 Musonius·
782 2952 818 2994 ex
833 2951 895 3008 cap.
911 2935 1015 2994 Joann.
1036 2936 1075 2992 15
1096 2936 1228 3008 repetiit:
1254 2936 1456 3011 »Promptum
1469 2951 1559 2997 novum
1636 3002 1637 3005 ,

403 3040 441 3099 do
457 3039 546 3112 uobis,
562 3039 733 3113 utdiligatis
748 3056 799 3099 vos
813 3042 943 3115 invicem,
960 3043 1033 3099 siout
1048 3040 1135 3101 dilexi
1155 3057 1226 3102 uos«
1244 3046 1298 3101 etc.
1337 3043 1474 3104 Indicans
1487 3058 1559 3118 quam
1636 3020 1637 3025 ἵ

403 3145 472 3204 boni
486 3146 672 3219 praeceptoris
687 3143 781 3218 officio
797 3144 928 3206 Christus
945 3147 1076 3207 dominus
1089 3144 1204 3205 functus
1218 3146 1321 3224 luerit,
1346 3151 1397 3223 qui
1413 3149 1558 3223 1111111111

404 3251 523 3325 ceperit,
539 3251 616 3324 quod
631 3252 778 3311 nunidem
793 3268 908 3326 quoque
922 3268 1010 3326 opere
1025 3252 1199 3327 impleverit,
1213 3258 1254 3313 »et
1269 3256 1414 3327 quomodo
1429 3256 1558 3329 11111111-

402 3360 486 3432 cepto
500 3363 616 3417 nostros
631 3356 777 3432 proiectus
793 3365 822 3418 et
836 3365 964 3423 nostram
975 3358 1097 3417 salutem
1113 3359 1268 3431 quaesierit.
1292 3360 1366 3426 Item
1382 3362 1487 3433 docuit,
1502 3359 1559 3433 quia

403 3461 533 3523 Christus
554 3478 607 3521 nos
630 3465 709 3537 prius
721 3465 877 3538 dilexerit,
903 3464 1009 3523 1111111
1027 3465 1073 3524 111
1093 3462 1184 3524 nostri
1202 3466 1298 3523 meriti
1317 3470 1369 3525 ant
1387 3468 1457 3527 boni
1477 3463 1559 3539 operis

398 3584 486 3657 ergo,
505 3567 562 3627 'sed
582 3584 619 3626 ex
637 3570 719 3630 mera
740 3577 844 3630 suaet
864 3572 991 3644 gratuita
1011 3570 1207 3630 misericordia
1226 3572 1313 3630 etiam
1337 3578 1490 3647 antequam
1508 3566 1559 3627 nati
1636 3622 1637 3625 ,

403 3689 544 3748 essemus,
566 3691 618 3734 nos
634 3674 749 3751 decere,
766 3682 798 3735 ut
813 3676 994 3738 dilectionem
1008 3693 1077 3751 erga
1092 3692 1190 3736 omnes
1204 3676 1380 3751 babeamus,
1397 3676 1505 3737 etiamsi
1517 3674 1558 3748 qui
1636 3660 1637 3687 ³

339 3786 345 3793 “
402 3779 1459 3857 111111111111111111111111111]1111111111111111111111111.
1494 3780 1558 3840 Nam
1636 3803 1637 3811 ¹

402 3884 665 3946 benemerentibus
687 3886 857 3948 benefacere
880 3890 1057 3949 ethnicorum
1083 3904 1196 3962 quoque
1218 3892 1263 3945 est
1277 3892 1306 3947 et
1320 3888 1393 3947 nihil
1409 3889 1492 3966 (teste
1505 3886 1557 3959 ipso
1636 3908 1637 3917 ¹

403 3985 532 4062 domino)
546 3992 710 4070 magniest.
748 3995 869 4069 Insuper
887 3993 1014 4055 ostendit
1033 4011 1118 4069 quam
1137 3992 1221 4053 laoile
1240 4010 1307 4053 caro
1322 4000 1424 4055 nostra
1437 3988 1558 4068 superbia

402 4093 543 4169 titilletur.
581 4096 712 4170 Exempli
727 4103 830 4173 gratia.
870 4100 900 4159 Si
915 4102 961 4159 oui
975 4102 1068 4175 major
1082 4100 1173 4159 honos
1194 4100 1327 4174 contigit,
1349 4102 1373 4159 si
1389 4100 1454 4174 quis
1468 4095 1557 4158 1111111

402 4202 567 4278 opulentior
588 4209 640 4261 aut
659 4205 722 4263 aliis
740 4206 882 4280 sapientia
901 4212 931 4265 et
953 4208 1113 4267 eruditione
1133 4210 1269 4280 praestan
1287 4204 1370 4265 dous
1388 4205 1462 4266 bone
1484 4216 1556 4277 quam

401 4310 486 4369 nauci
503 4307 592 4369 faciat
611 4311 783 4385 proximum,
819 4326 882 4370 cmn
905 4316 1001 4372 tamen
1027 4312 1156 4372 Christus
1175 4312 1246 4371 deus
1268 4315 1355 4385 atque
1383 4327 1437 4371 rer
1455 4309 1516 4369 coeli
1532 4308 1556 4363 11

401 4421 488 4474 terroe
502 4415 653 4489 supientia,
678 4417 779 4490 virtus,
795 4432 875 4476 mens
890 4423 921 4476 et
935 4418 1029 4492 imago
1045 4434 1098 4477 neo
1111 4419 1170 4477 non
1183 4414 1260 4477 filius
1275 4418 1441 4491 unigenitus
1456 4413 1499 4473 dei
1511 4428 1554 4487 pa·

401 4522 467 4596 tris,
482 4536 535 4579 nos
549 4525 661 4582 terreos
675 4524 844 4595 vermiculos
857 4522 990 4582 omnibus
1004 4522 1080 4582 vitiis
1095 4526 1125 4581 et
1147 4524 1301 4603 putredine
1316 4522 1499 4581 scaturientes
1512 4530 1556 4576 sua
1636 4560 1637 4565 1

403 4626 556 4685 dilectione
572 4628 704 4700 dignatus
719 4632 771 4704 sit,
793 4629 865 4689 adeo
887 4634 920 4687 ut
934 4645 992 4688 non
1007 4630 1098 4687 solum
1112 4646 1166 4706 pro
1175 4630 1264 4688 nobis
1279 4630 1368 4689 vitam
1381 4640 1498 4703 ponere,
1512 4619 1555 4681 sed

403 4730 646 4806 despectissimam
660 4712 782 4794 mortem
796 4735 889 4793 crucis
903 4735 964 4808 pati
978 4734 1111 4795 voluerit.
1135 4734 1154 4793 J
1154 4734 1228 4795 ussit
1240 4734 1310 4793 item
1324 4738 1357 4793 ut
1370 4736 1400 4792 et
1413 4731 1498 4807 ipsius
1511 4726 1553 4787 do·

403 4836 472 4894 mini
487 4837 616 4915 exemplo
638 4839 663 4896 si
683 4856 740 4913 qua
756 4840 871 4900 11111111
886 4844 937 4901 111
950 4837 1049 4900 lratris
1069 4841 1225 4900 necessitas
1240 4840 1272 4899 id
1287 4840 1426 4914 exigeret,
1440 4832 1553 4911 pericula
