3700 5692
954 766 1021 837 ffl

401 955 498 1016 mitior
512 970 547 1015 ac
560 954 651 1029 magis
666 952 835 1043 benignior?
865 952 922 1014 Sed
942 967 1037 1013 nonne
1057 953 1118 1027 pati
1140 916 1254 1015 coactus
1275 963 1332 1032 est,
1356 962 1387 1019 et
1405 956 1486 1017 aliter
1501 956 1555 1017 beri

401 1063 513 1136 nequit,
530 1076 617 1135 quum
630 1068 663 1121 ιι
676 1060 704 1120 d.
721 1060 828 1120 Paulus
844 1061 893 1121 ait.
925 1060 1030 1120 Omnes
1047 1060 1096 1133 qni
1112 1062 1159 1136 pie
1174 1063 1272 1123 vivale
1286 1063 1318 1122 in
1333 1060 1446 1125 Christo
1460 1064 1554 1138 volunt,

400 1168 628 1243 persecutionem
642 1168 711 1253 pati
730 1173 871 1241 oporteat.
919 1166 974 1240 Qui
990 1171 1086 1227 autem
1110 1170 1205 1229 animo
1227 1185 1323 1229 secum
1344 1170 1555 1245 persecutionem

359 1306 364 1313 ·
400 1271 495 1333 facere
510 1273 678 1347 destinavit,
693 1272 741 1331 hic
754 1288 867 1354 semper
882 1271 962 1332 aliud
977 1279 1006 1333 et
1021 1272 1098 1335 aliud
1113 1274 1269 1335 meditatur
1284 1290 1319 1335 ac
1333 1270 1462 1350 molitur,
1478 1274 1557 1338 donec

402 1394 479 1452 eam,
507 1396 591 1453 quem
606 1383 787 1452 persecutum
801 1378 884 1453 velit,
905 1380 1050 1453 perditum
1065 1381 1186 1441 nouerit.
1217 1381 1280 1440 Nec
1292 1381 1361 1457 hoo,
1383 1382 1476 1455 inquit
1488 1380 1557 1439 llus·

400 1484 494 1559 ιιιιιι,
516 1485 668 1544 observatu
689 1484 837 1558 indignum
857 1490 914 1558 est,
938 1483 1014 1559 quod
1030 1486 1160 1547 Christus
1175 1488 1262 1561 Jesus
1277 1487 1424 1562 apostolos
1436 1488 1493 1560 jam
1505 1484 1556 1545 fere

400 1606 454 1664 per
468 1607 558 1649 annos
573 1595 697 1665 quatuor
712 1591 805 1665 ipsum
820 1590 980 1665 audientes,
997 1598 1030 1652 ut
1044 1608 1184 1655 memores
1201 1594 1258 1652 sint
1273 1593 1424 1667 sermonis,
1442 1608 1519 1667 quam
1531 1592 1555 1650 in

400 1698 446 1756 bis
461 1704 491 1757 et
504 1699 568 1756 aliis
583 1698 692 1771 aliquot
704 1697 774 1756 locis
789 1696 914 1772 dixerat,
940 1697 1097 1757 admonuit.
1129 1698 1227 1758 Voluit
1242 1704 1339 1759 autem
1359 1698 1502 1773 apostolus
1518 1696 1556 1755 lic

401 1802 570 1876 admonere,
592 1806 625 1860 ut
644 1804 795 1876 ingruente
814 1804 1013 1876 persecutione
1028 1806 1215 1889 cogitationes
1232 1804 1401 1866 cohiberent
1414 1805 1556 1887 bonumque

401 1908 553 1968 verborum
568 1925 708 1968 memores
724 1914 833 1983 essent,
858 1910 966 1970 scilicet
981 1909 1058 1985 quod
1073 1909 1202 1969 christus
1218 1917 1248 1971 et
1269 1911 1439 1987 predixerit
1458 1908 1515 1967 hec
1533 1912 1556 1966 et

400 2013 449 2073 ille
462 2014 543 2089 prius
557 2030 711 2090 perpessus
731 2016 779 2073 sit.
810 2014 954 2075 Debemus
977 2020 1007 2075 et
1026 2031 1077 2074 nos
1096 2016 1274 2077 sermonibus
1295 2019 1330 2077 iis
1351 2017 1462 2077 animm
1481 2011 1556 2073 obbr-

400 2134 494 2195 mare,
510 2125 544 2179 ut
559 2122 583 2179 si
599 2136 656 2194 qua
670 2136 752 2180 secus
767 2136 802 2179 ac
815 2120 1001 2194 sperabamus
1016 2138 1063 2181 res
1079 2122 1250 2197 acciderint,
1274 2138 1333 2181 non
1349 2123 1448 2183 statim
1461 2122 1557 2181 animos

400 2226 567 2299 abjiciamus
583 2228 765 2301 querelantes
781 2235 810 2286 et
825 2234 1036 2287 murmurantes
1051 2233 1152 2288 contra
1165 2220 1330 2302 domiuum,
1356 2228 1409 2287 sed
1429 2225 1556 2301 patiente

400 2332 599 2406 perduremus.
628 2331 747 2392 Patiens
762 2332 836 2392 enim
850 2333 918 2391 terit
934 2333 1029 2391 omnia
1042 2333 1135 2393 virtus
1151 2338 1180 2393 et
1193 2339 1415 2407 perseverantes
1430 2346 1514 2405 usque
1526 2328 1556 2387 ud

400 2434 486 2498 finem
502 2438 595 2497 salvos
618 2436 682 2498 lieri
704 2440 777 2499 dixit
798 2438 937 2498 Christus.
968 2438 1079 2498 Durum
1099 2445 1196 2499 autem
1216 2447 1280 2525 erat
1301 2440 1440 2515 apostolis
1459 2437 1556 2509 audie,

401 2558 433 2603 ιι
447 2544 675 2617 persecutionem
690 2561 826 2621 passuros
841 2544 879 2605 ab
894 2545 930 2602 iis
944 2544 1115 2619 bominibus,
1132 2545 1181 2619 qui
1194 2520 1316 2620 populus
1325 2544 1384 2605 Dei
1393 2544 1554 2614 dicebantur,

403 2651 452 2722 qui
467 2642 627 2709 doctrinam
640 2650 712 2724 legis
728 2651 867 2709 tenebant
880 2655 910 2709 ιι
922 2657 1067 2725 praeterea
1087 2652 1164 2727 quod
1183 2652 1220 2712 ab
1239 2636 1283 2711 his
1303 2669 1359 2727 pro
1379 2650 1516 2711 haereticis
1533 2652 1556 2706 ιι

403 2752 601 2846 seductoribus
620 2756 811 2831 haberentur,
835 2757 908 2817 sicut
929 2762 958 2817 et
978 2758 1070 2834 ipsum
1086 2757 1228 2818 dominum
1244 2757 1427 2823 seductorem
1441 2756 1554 2817 nomina·

401 2845 473 2919 baut
487 2868 540 2921 etc.
572 2862 765 2923 concionatus
779 2869 824 2923 est
838 2867 934 2923 autem
950 2864 987 2923 de
1001 2864 1046 2922 his
1061 2864 1163 2939 multa,
1187 2880 1251 2939 quae
1271 2862 1318 2922 hic
1337 2862 1505 2924 ascribendo
1521 2858 1555 2919 lo·

400 2972 476 3028 rent.
508 2967 565 3028 Sed
579 2968 652 3029 adeo
667 2968 786 3031 subinde
802 2971 963 3044 perturbati
978 2970 1062 3031 modo
1078 2969 1114 3030 ab
1129 2964 1194 3029 aliis
1209 2985 1317 3045 sumus,
1339 2974 1374 3029 ut
1393 2985 1466 3047 pene
1484 2964 1553 3027 nobis

401 3073 569 3134 exciderint.
783 3154 786 3160 Ι
1393 3114 1400 3123 ·

489 3160 611 3240 Domine
631 3181 715 3255 Jesu,
741 3182 790 3255 qui
809 3182 939 3242 veritatis
962 3181 1157 3244 contestandae
1178 3186 1208 3241 et
1227 3187 1333 3243 ιιιιιιιι
1353 3182 1455 3243 salutis
1474 3176 1556 3253 gratia

401 3286 497 3345 omnia
512 3286 541 3345 in
555 3287 610 3345 boc
624 3287 732 3349 mundo
747 3288 901 3362 pertulisti,
917 3289 956 3347 da
969 3288 1130 3348 nobiseum
1145 3293 1282 3362 ιιιιιιιιιιι,
1306 3292 1339 3348 ut
1354 3294 1386 3348 et
1399 3303 1451 3348 uos
1466 3287 1554 3347 cuncte

354 3405 360 3418 ·
400 3390 524 3452 aduersa
538 3400 657 3468 propter
670 3393 793 3452 nominis
808 3393 850 3452 tui
865 3393 987 3467 glorium
999 3396 1142 3466 patienter
1151 3392 1338 3468 perieramus,
1354 3397 1476 3453 scientes
1490 3384 1555 3463 quod

400 3498 484 3557 nobis
499 3491 613 3558 dederis
628 3497 786 3571 exemplum
801 3512 914 3557 crucem
930 3503 1057 3559 ιιοιιιιιιι
1073 3498 1190 3559 tollendi
1206 3506 1235 3559 et
1256 3500 1396 3573 sequendi
1415 3503 1456 3572 te,
1481 3510 1512 3555 ιι
1527 3495 1555 3550 ut

400 3602 431 3660 in
444 3598 645 3663 afflictionibus
660 3603 848 3677 cogitationes
864 3608 977 3664 nostras
992 3602 1188 3679 obfirmemus,
1210 3605 1244 3663 iis
1260 3620 1331 3679 quos
1346 3602 1490 3678 discipulis
1506 3598 1556 3689 tuis

335 3752 339 3756 .
400 3706 497 3767 dixisti
513 3708 706 3785 sermonibus,
723 3711 844 3771 scillcet:
870 3710 976 3769 servm
992 3726 1049 3769 uon
1065 3714 1109 3769 est
1122 3710 1214 3784 maior
1229 3710 1344 3769 domino
1354 3727 1422 3769 suo.
1452 3708 1502 3780 Da,
1515 3706 1553 3762 in·

401 3830 499 3889 ιιιιιι,
520 3816 701 3888 patientiam,
725 3833 782 3891 qua
796 3816 919 3875 adversa
934 3815 1029 3875 omnia
1044 3831 1224 3891 superemus,
1248 3830 1304 3890 quo
1317 3814 1356 3875 de
1370 3814 1494 3875 bonitate
1511 3815 1553 3867 tna

400 3936 505 3995 magna
518 3920 549 3980 in
563 3919 648 3982 finem
663 3938 754 3997 usque
768 3936 957 3997 perseverare
972 3938 1123 3997 queamus,
1145 3926 1233 3996 utque
1247 3926 1341 3982 tecam
1362 3916 1552 3995 compatientes

401 4030 467 4099 post
480 4017 535 4085 bac
550 4044 665 4102 qnoque
679 4032 773 4087 tecum
788 4035 954 4105 regnemus,
978 4027 1113 4101 quirius
1135 4007 1164 4087 ιι
1182 4042 1289 4102 regnas
1309 4042 1373 4086 cmu
1390 4029 1473 4103 patre
1491 4024 1551 4081 ιιι.
1636 4076 1637 4083 ,

400 4130 504 4207 spiritu
517 4130 547 4191 in
562 4148 645 4192 omne
661 4148 761 4191 aeuum
786 4133 887 4194 Amen.

490 4236 599 4299 Eadem
614 4239 761 4299 Liberium
776 4240 813 4299 ad
828 4240 974 4299 doctorem
995 4238 1110 4299 Scldum
1129 4238 1270 4311 misimus,
1295 4236 1421 4297 audituri
1442 4230 1506 4308 quid
1523 4224 1552 4285 dt

401 4342 601 4418 provolutione
620 4344 658 4405 ad
678 4344 793 4405 cesamo
815 4344 903 4419 pedes
924 4344 1008 4406 etde
1027 4345 1191 4418 hujusmodi
1209 4342 1297 4403 rebus
1316 4340 1407 4403 fieret.
1445 4339 1496 4413 Qui
1512 4350 1551 4393 re·

400 4450 526 4524 spondit,
542 4450 599 4511 imo
614 4468 645 4511 ιι
661 4456 764 4525 putare
780 4451 812 4512 id
826 4465 912 4527 quam
926 4451 1049 4510 maxime
1064 4448 1201 4525 futurum,
1217 4453 1313 4510 tamen
1328 4448 1466 4523 pollicitus
1480 4458 1508 4501 ιι
1520 4436 1551 4499 ab

401 4554 465 4615 aliis
479 4556 524 4615 vel
537 4554 569 4614 id
583 4558 793 4631 expiscaturum
808 4574 842 4616 ac
861 4556 979 4617 Liborio
998 4555 1199 4616 indicaturum.
1214 4538 1352 4615 senisu
1371 4566 1480 4629 quoque
1499 4543 1549 4606 Sel·

400 4656 455 4718 dns
470 4662 683 4736 capitulationis
698 4663 857 4738 exemplar,
878 4668 911 4723 ιιι
925 4678 978 4737 per
997 4666 1112 4723 nostros
1131 4661 1342 4722 describeretur
1361 4664 1394 4721 ιι
1415 4670 1477 4727 mea
1493 4664 1549 4725 syl·

403 4764 514 4837 grapho
528 4766 764 4829 subscriberetur.
901 4817 903 4820 .
1089 4822 1090 4829 ,

491 4869 619 4931 Pransus
641 4877 686 4933 ιιι
711 4873 858 4935 nobiscum
881 4872 1027 4936 Glusurus.
1073 4872 1185 4936 Eadem
1211 4862 1548 4946 depresserimus
