3700 5692
396 924 646 1002 Constantinopoli
667 925 754 986 etiam
773 924 940 1001 refragante
960 928 1126 1002 patriarcha
1145 930 1333 1004 permissione
1351 932 1475 1006 impera·

307 1032 380 1092 toris
395 1031 500 1091 tarcici
511 1031 630 1091 verbam
646 1031 755 1092 domiai
768 1031 879 1092 sineere
900 1031 1083 1106 predicatur.
1115 1032 1284 1096 Gerhardus
1304 1035 1478 1098 Hsddswich

309 1135 488 1196 Fcrdiaandi
502 1137 580 1209 regis
594 1136 634 1195 ad
648 1136 773 1196 Turcam
787 1139 945 1212 saepissime
960 1137 1086 1214 legatum
1101 1143 1170 1221 agit.

398 1239 646 1304 NotaPediomeo
659 1247 753 1316 poeta
769 1241 808 1320 (si
820 1242 875 1303 diis
889 1241 998 1320 placet)
1021 1243 1256 1318 ingratitudinem
1275 1246 1312 1307 ab
1332 1242 1476 1322 Augusta·

310 1348 356 1406 ais
371 1345 467 1420 objici.
1419 1381 1422 1388 -

399 1451 515 1512 Ulricus
525 1451 787 1527 Wirteubergensis
803 1452 863 1511 dax
875 1453 967 1512 malta
980 1451 1121 1514 deserere
1135 1455 1255 1530 cogitur,
1279 1455 1330 1516 sed
1344 1472 1410 1531 spes
1424 1463 1478 1532 est,

309 1562 475 1632 sperantem
489 1558 520 1614 in
535 1555 688 1616 Dominum
701 1557 899 1616 misericordia
912 1557 1092 1618 cmcamdari.

398 1663 539 1723 Dominus
550 1662 586 1722 de
596 1661 685 1738 Lyra,
702 1664 752 1737 qai
762 1663 849 1724 etiam
859 1660 943 1723 nobis
957 1661 1104 1722 adeundus
1119 1661 1229 1739 fuisset,
1245 1664 1319 1724 lecto
1333 1669 1478 1740 egrotans

311 1765 466 1828 decumbit

400 1874 546 1934 Sertorim
560 1874 682 1934 Basilee
696 1889 750 1950 pro
764 1875 841 1934 mille
856 1879 886 1934 et
899 1874 1035 1932 trecentis
1049 1869 1165 1934 florenis
1179 1873 1257 1934 oedes
1272 1880 1389 1935 emerat.
1418 1877 1475 1936 Vs·

310 1994 376 2038 rum
388 1979 439 2040 ubi
449 1978 635 2040 Sebastianus
643 1979 855 2058 Vogelsperger
863 1980 958 2054 capite
973 1978 1074 2054 plexas
1089 1986 1142 2054 est,
1161 1979 1302 2040 Schertell
1315 1983 1347 2042 in
1357 1979 1479 2042 Galliam
1505 2014 1508 2020 ·

310 2085 462 2144 coacessit.
1091 2119 1094 2125 -
1533 2083 1534 2086 ’

399 2186 582 2248 ExInterim
595 2189 704 2250 interit
1556 2259 1558 2263 ,

400 2293 480 2354 Nota
494 2293 530 2354 de
542 2293 656 2365 Bilclrio
670 2301 700 2355 et
714 2311 759 2370 co,
776 2296 827 2369 qui
841 2311 873 2354 se
887 2295 930 2356 illi
945 2297 976 2356 in
990 2300 1178 2372 personatam
1191 2294 1329 2356 famulum
1338 2295 1479 2371 adiunxit,

311 2414 370 2473 qao
383 2399 521 2472 nequitia
537 2415 597 2458 sua
612 2417 719 2474 gnaras
733 2403 853 2475 nostris,
874 2400 945 2476 qrrid
958 2401 1068 2461 bicolor
1082 2401 1130 2460 ille
1145 2403 1300 2460 monachus
1320 2401 1478 2475 moliretur,

310 2505 443 2566 revelare
456 2509 564 2580 posset,
582 2520 680 2564 verum
695 2505 761 2566 dolo
777 2505 890 2566 detecte
903 2508 935 2566 in
949 2521 1093 2566 emonem
1108 2507 1253 2581 conjectus
1268 2511 1321 2566 est.

399 2608 541 2670 Melchior
555 2610 668 2670 Linden
683 2611 766 2672 nobis
774 2612 1011 2672 consultan‘onem
1020 2611 1133 2672 Claudii
1143 2611 1341 2672 Oanciunculse
1350 2611 1381 2672 in
1395 2625 1481 2672 caasa

310 2712 482 2774 Hoieasinm
496 2715 657 2792 descripsit.

399 2817 617 2886 Bernhardinus
637 2820 764 2880 Ochinas
784 2827 814 2881 et
833 2822 937 2884 Petrae
958 2824 1074 2899 Martyr
1093 2827 1124 2885 ia
1142 2801 1276 2901 Angliem
1294 2823 1388 2885 vocati
1404 2827 1480 2882 sunt.

312 2922 463 2984 Masculus
476 2926 528 3000 ait,
544 2923 694 2986 &manis
708 2927 858 2988 audaciam
873 2934 903 2988 et
917 2932 994 2990 vires
1009 2933 1256 2992 necnoamartios
1269 2929 1379 2989 animos
1389 2926 1481 3002 datos,

313 3029 417 3119 quibus
432 3033 539 3106 sipost
553 3030 647 3092 Deum
661 3034 707 3092 asi
720 3031 852 3109 fuissent,
868 3050 926 3095 non
940 3035 1015 3097 forte
1030 3037 1068 3096 ab
1083 3038 1189 3098 exteris
1204 3035 1368 3098 nationibus
1383 3033 1425 3092 sie
1439 3031 1484 3110 (ut

312 3136 386 3209 proh
403 3135 486 3196 dolor
500 3153 549 3196 res
562 3138 627 3212 ipsa
644 3137 780 3214 testetur)
802 3139 978 3214 pessumdati
998 3139 1103 3202 forent.
1135 3141 1193 3202 Sed
1213 3141 1281 3201 dum
1301 3144 1410 3216 praeter
1430 3151 1482 3210 pa·

313 3243 403 3300 uiam
416 3243 564 3318 ingenium
578 3249 609 3304 et
621 3244 678 3316 ipsi
692 3243 773 3304 dolos
788 3249 819 3305 et
832 3240 949 3305 fraudes
964 3245 1135 3320 suscipiunt,
1155 3246 1290 3306 astutiam
1308 3241 1319 3279 ¹
1340 3240 1485 3304 dolosissi-

313 3362 369 3406 me
383 3347 492 3407 Italica
506 3354 536 3408 et
545 3349 710 3424 Hispanico
724 3351 820 3424 gentis
834 3350 873 3410 ab
886 3350 957 3423 ipsis
972 3350 1078 3408 astutia
1092 3355 1273 3422 superentur.
1296 3348 1371 3409 Nam
1385 3354 1485 3409 taurm

314 3452 546 3512 robustissimam
564 3454 671 3512 animal
690 3459 792 3532 cenna
812 3454 982 3529 leopardum
1002 3469 1148 3530 pugnans,
1171 3455 1196 3512 si
1217 3459 1297 3514 reeta
1316 3453 1485 3542 leopardum

315 3558 450 3619 cornibus
465 3559 601 3634 impetat,
622 3556 705 3618 facile
720 3559 796 3618 hunc
812 3561 968 3633 convmcit3
992 3560 1016 3618 si
1031 3563 1126 3619 satem
1142 3557 1191 3617 dia
1206 3573 1302 3618 secum
1321 3558 1486 3632 mgitaban·

316 3661 370 3722 dus
385 3663 453 3723 dolo
466 3663 636 3738 leopardum
649 3665 772 3739 aggredi
786 3664 864 3739 velit,
879 3665 959 3724 ocius
974 3665 1164 3726 astudssimus
1178 3663 1332 3739 leopardus
1347 3664 1421 3722 mira
1435 3678 1484 3722 va·

317 3766 399 3828 frisie
412 3774 529 3828 tearum
544 3774 669 3830 excecat
683 3774 714 3829 et
724 3769 850 3844 iagalat
883 3768 941 3830 Sed
955 3769 1010 3828 hoc
1027 3771 1150 3843 enigma
1168 3785 1250 3828 sunm
1270 3767 1324 3828 sibi
1345 3767 1487 3842 Oedipum

317 3874 450 3949 rogabit

406 3979 515 4040 Domus
530 3995 617 4053 qnam
630 3979 729 4040 Hanso
744 3978 834 4040 (iesse
848 3980 953 4054 hospes
969 3986 1067 4041 noster
1080 3997 1134 4055 pro
1149 3979 1275 4040 sedecim
1288 3980 1414 4040 centenis
1432 3976 1486 4040 do·

318 4087 399 4146 renis
417 4088 609 4163 comparavit,
630 4087 673 4146 illi
693 4103 781 4162 uxor,
802 4085 888 4146 liberi
907 4091 938 4144 et
952 4085 1066 4158 cognati
1081 4085 1238 4146 doctissimi
1253 4101 1287 4147 ao
1300 4085 1421 4160 piissimi
1435 4085 1490 4144 riri

319 4191 431 4252 Urbani
444 4192 529 4266 Regii
542 4191 741 4262 vendiderunt.
772 4191 808 4251 Ia
827 4192 882 4252 hac
901 4205 954 4250 nos
973 4189 1051 4250 Deus
1062 4207 1126 4274 ¹saa
1144 4192 1323 4268 benignitate
1342 4191 1491 4264 hospitare

319 4295 366 4356 iric
379 4295 531 4372 permittit

409 4400 525 4464 Samuel
539 4417 629 4476 nepos
643 4403 722 4478 apud
741 4401 841 4462 ducem
856 4404 1013 4462 Ernestam
1027 4409 1158 4464 coenatus
1173 4405 1225 4460 est.
1249 4400 1355 4458 Frater
1363 4396 1490 4457 ioannes

321 4506 462 4568 ioannem
476 4505 655 4567 irideriarm
669 4510 816 4582 convenit,
842 4508 1008 4584 explorans,
1034 4507 1086 4581 qui
1098 4522 1130 4565 se
1152 4520 1201 4564 res
1224 4503 1325 4578 optimi
1351 4501 1488 4577 principis

322 4611 472 4674 habereut.

901 4733 917 4770 s

397 4823 431 4872 li
467 4819 583 4874 Staades
602 4821 750 4890 amcipiaut
766 4835 798 4872 ac
815 4820 969 4873 astutiam·
1012 4867 1016 4878 ,

368 4945 484 4992 vm
