3700 5692
959 750 1022 817 134

402 958 461 999 nou
476 940 583 998 eratin
598 954 633 996 eo
653 937 770 994 ιιιὶιιι.
809 936 865 1007 Qui
886 950 949 993 cnm
971 932 1148 994 mendacium
1170 934 1311 1007 loquitur,
1336 949 1372 993 ex
1392 935 1514 1009 proprio
1535 936 1575 995 lo·

402 1046 508 1119 quitur,
518 1045 586 1117 quin
602 1047 632 1100 ιι
644 1043 705 1113 ipse
719 1042 812 1115 ipsum
824 1047 854 1101 et
867 1040 1045 1100 mendacium
1062 1045 1106 1100 est
1121 1046 1150 1100 ιι
1164 1046 1247 1116 pater
1260 1040 1321 1113 ejns
1334 1044 1387 1101 etc:
1418 1042 1447 1098 Is
1461 1042 1576 1115 spiritns

403 1166 525 1223 nequam
540 1153 570 1208 et
584 1147 694 1207 Sathau
709 1146 837 1219 qnotidie
851 1148 959 1220 satagit
973 1146 1131 1205 doctrinam
1145 1146 1221 1205 iliius
1237 1146 1354 1219 spiritus
1366 1147 1500 1205 veritatis
1515 1148 1577 1207 snb·

403 1261 516 1315 vertere
537 1260 567 1313 et
585 1254 690 1325 omnia,
713 1256 747 1310 ιιι
765 1268 841 1309 nnuc
862 1253 893 1309 in
913 1257 1068 1325 prospectu
1087 1257 1139 1325 est,
1164 1252 1337 1311 conturbans
1355 1268 1389 1309 ac
1408 1266 1537 1325 regnans
1551 1253 1578 1309 in

402 1360 469 1419 tiliis
486 1358 662 1419 diffidentiae.
701 1358 814 1416 Dicitur
833 1356 909 1415 idem
929 1356 1047 1431 spiritns
1068 1372 1091 1414 s.
1111 1356 1222 1429 unctio,
1247 1372 1281 1415 eo
1302 1356 1380 1429 quod
1399 1357 1454 1429 hoc
1477 1358 1578 1432 spiritu

401 1464 635 1524 sanctificationis
650 1468 680 1522 et
693 1464 724 1520 iu
739 1478 824 1536 reges
839 1467 869 1522 ιι
882 1463 913 1519 iu
929 1462 1097 1521 sacerdotes
1109 1462 1256 1535 ungimur:
1274 1460 1454 1536 Sacerdotes,
1470 1466 1506 1522 ut
1519 1461 1578 1520 Deo

404 1568 599 1643 quotidianos
615 1570 692 1643 ipsos
711 1568 742 1626 in
756 1567 870 1626 Christo
891 1566 1036 1626 sacerdoti
1054 1582 1164 1626 summo
1184 1572 1214 1627 et
1233 1568 1295 1641 regi
1315 1568 1400 1628 unico
1415 1566 1578 1643 offeramus,

402 1672 607 1734 mortificantes
630 1675 662 1732 iu
684 1674 739 1733 hoc
763 1673 868 1747 spiritu
894 1672 1002 1731 veteris
1022 1674 1114 1731 nostri
1137 1672 1242 1731 Adami
1265 1674 1527 1747 concupiscentias,
1554 1678 1581 1731 et

281 1761 292 1844 ⁵,
404 1796 494 1854 opera
515 1795 569 1838 uec
589 1794 647 1837 nou
668 1784 698 1838 et
717 1794 817 1853 preces
831 1780 947 1837 sanctas
962 1776 1025 1835 Deo
1045 1774 1198 1852 offerimus,
1218 1776 1274 1838 hoc
1293 1779 1396 1852 spiritu
1418 1795 1441 1837 s.
1459 1779 1580 1851 gemitus

404 1891 518 1945 nostros
533 1884 701 1957 adjuvaute:
722 1884 827 1958 Reges,
843 1882 912 1957 quia
925 1884 957 1941 in
972 1881 1085 1941 Christo
1100 1898 1253 1957 regnamus
1267 1884 1298 1942 iu
1312 1881 1448 1943 libertate
1464 1884 1581 1958 spiritus

406 1994 436 2048 et
458 1990 638 2047 conscientia
661 1989 697 2048 de
717 1989 838 2064 mundo,
863 2004 950 2047 carne
973 1993 1003 2047 et
1025 1987 1139 2049 diabolo
1161 2004 1215 2063 par
1236 2004 1333 2063 regem
1354 1992 1383 2047 et
1403 1989 1591 2049 sacerdotem

406 2100 535 2154 nostrum
549 2094 648 2153 Jesuu
664 2094 808 2153 Christum
825 2094 944 2154 dedens
962 2094 1112 2153 victoriam
1130 2097 1321 2167 reportantes.
1358 2092 1475 2152 Dicitur
1495 2099 1527 2154 et
1541 2095 1581 2154 di-

406 2202 482 2273 gitus
502 2200 571 2273 Dei,
596 2199 731 2272 eoquod
751 2200 831 2259 Deus
852 2205 937 2273 pater
958 2214 1011 2274 per
1033 2198 1110 2257 huuc
1131 2199 1264 2273 spiritum
1285 2206 1433 2273 operetur,
1458 2200 1537 2259 sicut
1555 2202 1582 2259 iu

358 2293 367 2307 ’
405 2306 507 2365 Exodo
522 2306 600 2379 magi
620 2304 790 2379 Aegyptiaci
809 2304 952 2362 ulceribus
972 2302 1098 2376 undique
1116 2302 1216 2363 infecti
1235 2306 1441 2364 exclamarent:
1466 2304 1583 2380 Digitus

406 2412 462 2470 Dei
476 2410 524 2468 hic
538 2414 582 2469 est
598 2415 651 2468 etc.
681 2410 795 2468 Dicitur
814 2413 844 2467 et
861 2409 975 2483 pignus,
1000 2409 1076 2481 qnod
1097 2410 1180 2469 nobis
1200 2410 1357 2483 promissus
1380 2415 1410 2468 et
1430 2410 1518 2470 datus
1539 2413 1581 2485 sit,

407 2522 571 2575 contestans
591 2516 735 2575 Christum
755 2516 837 2575 uobis
857 2516 967 2589 omnia,
991 2531 1056 2588 qnae
1076 2516 1220 2589 promisit,
1244 2516 1455 2591 prestiturum,
1479 2518 1583 2577 doeens

406 2628 440 2682 ιιι
460 2622 532 2679 certi
554 2621 642 2678 simus
654 2620 700 2678 'de
721 2620 917 2680 misericordia
938 2620 996 2679 Dei
1018 2627 1048 2679 et
1066 2621 1159 2682 salute
1177 2620 1259 2679 nobis
1279 2636 1333 2695 per
1348 2620 1496 2680 Christum
1517 2623 1583 2682 dcta

405 2713 460 2786 etc.
482 2728 537 2784 Est
551 2731 581 2785 ιι
594 2724 700 2784 arrabo
715 2726 904 2800 conscientiae,
921 2742 978 2799 qno
994 2726 1154 2801 consignati
1169 2742 1265 2785 samus
1280 2727 1309 2784 iu
1328 2724 1402 2785 filios
1418 2726 1582 2801 adoptionis

408 2839 438 2890 et
451 2831 607 2891 coheredes
622 2830 738 2889 Christi.
769 2829 900 2889 Christus
914 2832 1000 2891 Jesus
1019 2830 1094 2891 filins
1115 2835 1160 2890 est
1174 2832 1313 2891 naturalis
1328 2831 1384 2890 Dei
1404 2834 1510 2907 patria,
1534 2849 1583 2892 uos

406 2953 465 2997 nou
480 2936 651 2996 natumsed
669 2936 824 3010 adoptione
845 2942 875 2996 ιι
892 2913 1107 3011 consignatione
1128 2936 1214 3010 hujus
1232 2937 1383 2995 arrabonis
1403 2952 1504 2996 sumas
1518 2936 1584 2997 iacti

406 3040 459 3099 filii
473 3040 686 3116 etcoheredes,
709 3045 742 3098 ιιι
763 3042 849 3099 11ιιιι
869 3042 952 3102 uobis
969 3043 1003 3101 iu
1023 3041 1079 3102 hoc
1099 3042 1202 3115 spiritu
1224 3043 1357 3116 clamare,
1382 3040 1470 3103 Abba
1491 3048 1582 3118 pater,

405 3146 505 3207 eodem
525 3148 628 3220 spiritu
648 3147 770 3220 gemitus
789 3151 904 3207 nostros
924 3148 1091 3221 adjuvante
1117 3153 1237 3207 vocatur
1261 3153 1290 3207 et
1312 3146 1397 3207 dator
1421 3159 1581 3223 munerum,

407 3251 484 3325 quod
498 3259 558 3312 tam
572 3254 702 3327 speciosa
721 3252 797 3311 dona
815 3252 899 3311 uobis
916 3254 1069 3329 largiatur,
1093 3258 1126 3313 ut
1144 3261 1192 3315 est
1209 3254 1371 3329 prophetia
1394 3252 1514 3330 donum,
1538 3256 1584 3315 do

400 3376 476 3417 uum
489 3360 656 3434 mundonis,
680 3358 786 3418 donum
800 3362 979 3434 constantiae,
1002 3358 1072 3419 fidei
1086 3365 1140 3419 etc.
1176 3360 1243 3419 Non
1257 3365 1354 3419 temen
1374 3354 1510 3421 omuibus
1524 3360 1585 3419 haee

406 3464 482 3523 donn
496 3466 627 3545 largitur,
651 3465 702 3525 sed
717 3466 836 3539 singuiis
850 3470 938 3538 prout
950 3467 1013 3526 vult
1028 3465 1146 3525 nvidis„
1174 3466 1230 3524 Hic
1247 3470 1341 3525 ιιιιιιιι
1363 3468 1499 3540 coarguit
1519 3466 1583 3527 dcc·
1656 3508 1657 3529 ι

406 3571 525 3645 ninam,
551 3588 608 3644 qua
629 3571 749 3645 papistna
773 3571 809 3630 de
831 3569 1010 3646 benignitate
1032 3570 1088 3630 Dei
1110 3572 1238 3630 homiues
1260 3569 1393 3630 dubitare
1411 3570 1534 3645 jubent,
1558 3576 1585 3629 ιι

407 3692 479 3748 eam,
503 3677 553 3750 ait,
578 3693 613 3735 ex
628 3683 719 3750 patre·
726 3676 941 3737 mendaciorum
961 3674 1078 3736 diabolo
1097 3682 1169 3737 esde.
1206 3678 1279 3735 Item
1298 3676 1376 3751 qood
1394 3676 1451 3737 hoc
1471 3694 1584 3739 sacrum

405 3797 529 3856 pneuma
544 3789 706 3855 compatre
721 3789 751 3841 et
763 3781 825 3842 fiho
839 3783 870 3841 in
884 3798 942 3841 ona
958 3787 988 3840 ιι
1001 3783 1101 3842 eadem
1122 3783 1229 3843 deitate
1248 3782 1429 3843 adoraudum
1444 3784 1494 3843 sit.
1533 3780 1585 3841 Cui
1603 3760 1605 3765 ⁵

400 3892 522 3962 'semper
536 3888 574 3945 sit
593 3888 657 3945 laus
678 3892 708 3946 et
726 3887 819 3947 honor
838 3893 868 3947 ιι
888 3888 989 3962 gloria.
1029 3887 1140 3950 Clausit
1157 3894 1253 3949 antem
1275 3889 1442 3949 concionem
1464 3890 1586 3949 onllmts

406 3998 436 4050 et
450 4005 536 4051 orans
551 4008 605 4065 pro
624 4009 704 4052 more
717 3994 793 4053 Mith
807 3993 884 4053 deun
898 3994 1090 4055 Ehehalteun.
1120 3974 1194 4053 Veni
1209 4012 1278 4071 ergo
1294 4000 1441 4068 oereator
1454 3992 1585 4071 spiritus,

405 4098 571 4165 consolator
584 4099 772 4172 maerentium,
795 4100 909 4159 illustra
932 4107 961 4160 et
978 4116 1051 4175 rege
1071 4103 1182 4159 mentes
1203 4104 1317 4161 nostras
1338 4102 1370 4159 iu
1388 4100 1434 4159 his
1455 4101 1586 4162 tenebris

395 4193 437 4262 'et
449 4204 721 4278 perturbationibus,
737 4210 770 4263 ut
785 4205 930 4265 Christum
946 4206 1045 4265 desum
1059 4215 1127 4264 v'ere
1142 4222 1298 4279 agnoscere
1313 4211 1343 4265 et
1356 4206 1388 4265 in
1403 4207 1469 4279 eius
1485 4208 1584 4283 cogui-

404 4310 484 4368 ticne
498 4308 625 4384 undique
639 4310 725 4370 modo
740 4310 913 4371 instantibus
933 4312 1069 4383 periculis
1087 4326 1257 4384 permanere
1276 4312 1432 4383 vmeamns.
1469 4312 1586 4389 Adjuva

405 4416 529 4488 gemitus
542 4424 657 4476 nostros
671 4423 704 4475 nt
722 4429 787 4475 curn
804 4404 909 4475 innon
931 4418 1082 4477 chmamns
1101 4417 1185 4477 Abba
1204 4422 1297 4491 pater,
1321 4418 1514 4477 conscientias
1533 4434 1583 4477 uo

405 4523 481 4578 stras
495 4509 553 4578 fide
568 4526 597 4579 ιι
611 4523 758 4597 patientia,
775 4538 811 4581 ιιι
826 4522 1042 4581 succumbamus
1057 4538 1153 4582 coram
1167 4524 1300 4597 rugiente
1314 4519 1408 4597 leone,
1425 4525 1584 4584 corrobora

406 4628 436 4683 et
454 4641 570 4684 cansam
583 4632 713 4686 nostram
731 4629 769 4688 ad
783 4628 905 4688 nominis
919 4626 976 4686 Dei
997 4629 1133 4703 gloriam,
1157 4630 1348 4703 subjectorum
1370 4626 1533 4703 profectum
1555 4632 1582 4687 et

407 4730 510 4788 anima
532 4737 639 4790 uosmae
661 4734 784 4792 salutem
806 4733 939 4809 dispone,
969 4734 1019 4806 qui
1045 4736 1117 4797 visis
1145 4740 1175 4794 ιι
1195 4749 1303 4810 regnas
1325 4748 1389 4794 cnm
1410 4734 1476 4794 Deo
1500 4738 1580 4809 patre

361 4829 368 4839 ’
407 4833 527 4906 Deoqne
541 4834 601 4895 tilio
615 4837 695 4895 Deus
709 4838 791 4897 vivus
806 4844 836 4898 et
849 4854 933 4897 unus.
963 4838 1066 4897 Amen.
