3700 5692
843 743 911 815 239

375 930 404 990 A
417 946 501 994 eoena
519 935 623 1005 rogatu
645 935 761 991 senatus
775 931 956 994 Rudelstadii
974 934 1005 993 in
1025 935 1097 996 arbe
1116 935 1147 995 iu
1163 934 1248 996 domo
1270 936 1417 997 senatoria
1430 940 1461 997 et

285 1038 398 1097 choreae
414 1036 507 1096 ducta
522 1041 591 1096 sant
604 1041 634 1096 et
647 1038 760 1111 repotia
774 1038 881 1099 habita.

374 1142 496 1202 Domine
512 1142 599 1215 dens,
623 1144 703 1218 cajus
716 1143 866 1203 brachium
887 1160 925 1204 ne
944 1146 1003 1219 pilo
1019 1147 1133 1219 quidem
1152 1148 1182 1206 in
1197 1147 1326 1208 omuibus
1340 1148 1457 1207 mirabi-

284 1247 361 1307 libus
374 1250 432 1307 tuis
447 1265 465 1308 a
479 1249 660 1321 sempiternis
675 1250 779 1309 secubs
794 1250 965 1310 diminutum
975 1256 1028 1326 est,
1045 1268 1150 1327 exurge
1165 1258 1195 1313 ct
1210 1268 1295 1313 exere
1310 1250 1457 1313 brachium

284 1358 366 1412 tuum
380 1351 581 1429 fortissimum,
606 1360 635 1415 et
648 1358 698 1429 qui
712 1357 959 1430 potuistiservum
979 1363 1059 1417 tunm
1074 1358 1223 1419 Danielem
1245 1361 1275 1417 iu
1296 1374 1382 1432 specu
1396 1357 1456 1419 leo-

284 1475 367 1534 num,
392 1460 449 1520 imo
463 1461 563 1521 Jesnm
579 1459 723 1520 Christum
742 1459 833 1522 filium
851 1469 933 1523 tuum
954 1464 1089 1525 dilectum
1109 1468 1140 1525 in
1154 1465 1250 1527 medio
1269 1465 1386 1525 malitia
1401 1464 1458 1525 Ae-

283 1568 366 1639 gypti
381 1581 511 1625 servare:
533 1566 688 1627 recordare
699 1570 783 1642 iuxta
804 1569 963 1630 bonitatem
977 1576 1056 1632 tuam
1071 1587 1204 1647 magnam
1218 1571 1339 1633 Joannis
1353 1570 1456 1630 Fride·

282 1670 336 1728 rici
351 1671 428 1730 servi
441 1671 493 1745 tui,
503 1678 537 1731 ut
552 1673 707 1747 aliquando
718 1676 802 1748 juxta
813 1676 991 1737 voluntatem
1003 1682 1081 1739 tuam
1090 1682 1121 1738 te
1135 1694 1197 1737 cnm
1214 1676 1313 1737 electis
1327 1677 1457 1737 omuibus

282 1774 402 1836 laudare
418 1783 447 1837 et
465 1782 494 1837 te
509 1785 739 1841 conservatorem
759 1797 841 1839 snum
860 1780 991 1842 confiteri
1010 1785 1109 1857 possit.
1147 1781 1182 1843 Id
1200 1788 1230 1843 te
1249 1797 1384 1857 rogamus
1403 1796 1457 1857 per

282 1882 301 1942 J
302 1898 382 1942 esum
398 1882 542 1943 Christum
555 1882 646 1944 lilium
660 1891 754 1962 mam,
779 1888 828 1961 qui
841 1892 936 1947 tecum
950 1888 1021 1947 vivit
1035 1893 1065 1947 et
1078 1894 1180 1963 regnat
1195 1890 1225 1947 in
1243 1889 1355 1949 unitate
1370 1888 1455 1962 spiri·

282 1992 329 2047 tus
344 1988 417 2049 deus
431 1990 462 2048 in
476 1992 678 2065 sempiternum
693 1991 864 2052 mutandus.
887 1994 988 2053 Amen.
1353 1987 1355 1990 ’

370 2095 428 2169 xvij
444 2095 514 2155 Julii
532 2096 647 2157 emmim
667 2103 799 2171 quartam
820 2097 1074 2159 antemeridianam
1093 2098 1173 2163 venit
1188 2096 1332 2173 (iasparus
1348 2096 1455 2158 Comen

281 2200 386 2258 ostium
401 2199 523 2261 cubiculi
538 2202 629 2261 nostri
643 2204 771 2278 pulsans,
786 2203 898 2264 litteras
913 2202 1056 2279 deierans,
1076 2220 1146 2277 quas
1160 2202 1366 2263 Burckhardus
1380 2220 1455 2264 nun·

281 2306 338 2363 tius
356 2312 455 2367 noster
469 2313 536 2367 ante
552 2310 749 2384 crepusculum
770 2308 827 2369 diei
841 2309 1010 2383 adportaiat
1025 2326 1041 2369 e
1056 2312 1191 2370 comitatu
1210 2313 1310 2369 nostro
1325 2309 1363 2369 ab
1377 2308 1454 2368 Her·

281 2428 387 2473 manno
408 2413 505 2472 Nellio
529 2414 659 2489 scriptas.
697 2414 813 2475 Alteras
831 2416 900 2475 item
920 2432 938 2474 a
958 2415 1116 2476 Melchiore
1135 2414 1241 2476 Lindie
1264 2429 1301 2473 ex
1322 2414 1453 2489 Augusta

282 2518 467 2593 comariptas.
490 2519 646 2593 Exemplar
660 2535 774 2594 qnoque
788 2519 948 2580 litterarum
963 2522 1158 2583 absolutionis

368 2624 480 2685 Eadem
495 2625 522 2684 d.
540 2625 698 2700 caeparum
712 2627 846 2700 Aquilam
861 2627 1027 2689 donavimus
1042 2629 1149 2702 scripto
1163 2624 1290 2701 Philippi
1303 2624 1452 2686 Melandi-

280 2732 376 2791 tbonis
391 2748 477 2805 super
491 2733 615 2792 interim.
881 2748 887 2758 ·
1511 2810 1513 2817 y

368 2838 525 2897 Tricesima
539 2837 619 2897 Jnuii
635 2839 756 2900 comitiis
778 2840 946 2915 augustanis
968 2845 1114 2915 postrema
1131 2854 1231 2900 manus
1254 2839 1388 2915 imposita
1409 2842 1453 2897 est

279 2947 308 3001 et
322 2946 434 3003 senatui
451 2946 580 3004 consulta
595 2947 710 3004 caesaris
726 2952 755 3005 et
770 2951 895 3006 statuum
910 2946 1023 3022 imperii
1045 2946 1157 3022 publice
1172 2944 1317 3020 praelecta.
1355 2942 1453 3017 Angu-

274 3049 331 3107 'atae
351 3064 442 3122 usque
464 3049 500 3108 ad
522 3048 710 3124 bitemporis
732 3049 803 3109 nihil
827 3054 873 3111 vel
894 3052 925 3111 in
946 3052 1085 3129 religione
1109 3054 1153 3112 vel
1175 3053 1206 3111 in
1229 3049 1406 3111 caeremoniis
1420 3050 1452 3107 in

277 3152 383 3227 templo
397 3152 528 3214 Mauritii
547 3156 725 3216 immutatum
740 3160 792 3214 est.
830 3154 991 3216 Laudanda
1014 3164 1058 3217 est
1077 3156 1183 3219 ibidem
1197 3158 1317 3217 Joaunis
1331 3155 1450 3216 Homini

278 3259 451 3319 ecclesiastis
466 3261 635 3320 constantia.

365 3364 474 3426 Eadem
495 3366 523 3426 d.
546 3366 683 3427 Albertns
701 3366 798 3425 Draco
821 3349 958 3425 decimam
982 3368 1111 3424 octavam
1132 3369 1243 3438 partem
1265 3364 1367 3439 psalmi
1386 3368 1446 3423 119

276 3472 412 3547 exposuit
425 3471 535 3545 diceus,
560 3489 624 3533 eam
639 3489 703 3532 esse
716 3470 837 3532 formam
852 3468 957 3529 orandi
972 3472 1001 3529 et
1015 3470 1161 3543 exemplar
1181 3481 1249 3529 vere
1268 3470 1309 3544 pii
1323 3467 1393 3545 viri,
1416 3474 1450 3529 nt

275 3593 370 3651 nuper
383 3572 461 3652 loqui
475 3578 610 3653 coeperit,
632 3583 662 3638 et
674 3583 818 3651 practerea
831 3578 886 3637 hac
899 3578 1021 3638 octoadc
1035 3577 1136 3652 vinem
1153 3577 1294 3649 quomodo
1310 3578 1403 3636 oratio
1420 3581 1450 3636 et

274 3683 335 3742 vita
350 3687 427 3743 esset
439 3684 626 3758 instituenda,
650 3684 717 3744 dum
733 3686 815 3758 quasi
829 3683 962 3757 suspensi
976 3696 1027 3757 spe
1041 3683 1117 3741 iuter
1131 3682 1231 3742 muudi
1244 3688 1303 3741 tam
1318 3682 1449 3741 miserias

275 3804 363 3863 quam
376 3788 527 3849 illecebras
542 3796 571 3849 et
584 3790 672 3849 vitam
685 3790 765 3849 iilam
778 3788 892 3850 beatam
908 3803 1067 3849 versamur.
1106 3787 1213 3847 Divisit
1227 3792 1256 3847 et
1271 3786 1448 3847 octonarium

274 3893 352 3952 hune
362 3893 495 3954 iuvarias
508 3912 671 3969 paraeneses
686 3901 716 3955 et
730 3894 884 3969 doctrinas,
902 3896 945 3955 ita
959 3899 992 3953 ut
1006 3910 1042 3953 ue
1057 3894 1195 3967 syllabam
1210 3892 1344 3967 aliquam,
1360 3893 1449 3951 atita

273 3998 376 4073 dicam,
395 3998 497 4059 horum
511 4002 663 4062 verborum
678 4002 856 4062 inexcussam
870 4000 1055 4071 relinqueret.
1092 3998 1189 4058 Primo
1204 4005 1300 4059 autem
1315 4000 1369 4059 ait:
1392 3997 1449 4057 Hie

273 4105 424 4164 ecclesiam
438 4106 485 4164 rel
498 4107 664 4180 prophetam
681 4108 795 4167 nominc
817 4104 945 4164 ecclesiae
966 4120 1002 4163 ex
1023 4104 1124 4165 intimo
1147 4105 1233 4166 corde
1248 4121 1332 4165 orare
1347 4111 1376 4165 et
1390 4104 1447 4163 cla·

272 4226 363 4285 mare,
379 4217 412 4271 nt
426 4207 468 4270 illi
481 4216 627 4286 praecepta
642 4211 687 4272 dei
702 4228 818 4272 servare
834 4211 966 4285 donetur,
982 4227 1049 4270 nam
1059 4212 1165 4271 nostris
1177 4210 1286 4271 viribus
1301 4210 1377 4268 nihil·
1387 4206 1449 4266 effi·

272 4317 358 4376 citur.
396 4316 439 4376 Et
452 4316 514 4377 haec
529 4316 590 4376 iere
610 4318 641 4376 in
656 4316 749 4391 primo
769 4320 799 4375 et
818 4315 945 4375 secando
959 4333 1053 4377 versu.
1092 4316 1173 4375 Dixit
1187 4332 1301 4390 quoquc
1316 4312 1387 4388 qnid
1401 4313 1448 4372 hic

271 4422 320 4482 sel
335 4426 448 4498 tempus
469 4422 630 4499 crepusculi
649 4424 695 4482 vcl
708 4423 878 4485 matutinum
893 4420 1077 4497 significaret,
1103 4427 1133 4481 ct
1148 4421 1217 4495 quid
1232 4422 1271 4480 sit
1285 4434 1404 4495 sperare
1418 4420 1448 4477 in

270 4527 363 4588 verbo
385 4527 501 4588 domini.
543 4528 615 4587 Item
636 4544 721 4600 quam
742 4527 780 4587 sit
798 4544 846 4587 res
865 4525 943 4602 frugi
967 4526 1108 4586 matutina
1130 4528 1160 4585 et
1177 4526 1279 4600 jeluna
1300 4526 1402 4599 oratio,
1418 4528 1448 4583 et

271 4632 351 4707 quod
366 4633 472 4693 ebriosi
493 4634 588 4694 haben
607 4634 675 4693 kain
691 4632 814 4693 aadacht
827 4632 955 4694 sondern
969 4631 1122 4692 obumacbt
1135 4637 1189 4691 ete.
1219 4632 1291 4692 Item
1306 4627 1448 4704 quomodo

269 4740 323 4813 pia
336 4752 419 4797 meus
434 4737 517 4799 dese
533 4756 568 4798 ex
582 4740 641 4798 suis
656 4736 787 4798 omnibus
802 4738 974 4814 desperans,
996 4737 1087 4796 solam
1101 4736 1148 4795 dei
1163 4734 1388 4796 misericordiam
1401 4748 1448 4793 re·

269 4846 377 4921 spiciat
391 4849 421 4905 ct
436 4845 483 4905 dci
494 4845 611 4920 iusticia
624 4843 782 4906 reiocfflari
796 4845 902 4921 cupiat.
940 4842 1013 4903 Item
1033 4846 1141 4915 quanto
1162 4841 1315 4903 marsallo
1330 4841 1448 4917 manui
