3700 5692
879 718 923 784 at

311 903 369 978 ipsi
382 901 496 963 bbttum
509 899 620 976 nuuc,
643 901 726 976 cujus
738 899 782 960 rei
796 899 994 976 dressopibus
1013 901 1147 964 elatiores
1166 899 1235 962 facti
1253 905 1370 978 portasi
1383 902 1485 965 urbem

313 1012 399 1068 crtra
412 1008 505 1082 prima
518 1007 626 1067 muenia
640 1005 806 1081 dilatarunt,
821 1005 945 1080 fossatis,
960 1008 1102 1082 tmribns,
1118 1008 1338 1082 propugnaculis
1354 1015 1384 1071 et
1397 1027 1483 1086 agge-

313 1112 395 1173 ribus
410 1113 621 1172 circumdantes
634 1127 670 1170 ac
682 1127 737 1185 pro
750 1127 803 1172 suo
814 1113 882 1186 juro
896 1112 1013 1172 easdem
1027 1117 1125 1186 portos
1140 1115 1169 1172 et
1183 1113 1347 1174 clauserunt
1361 1120 1392 1175 et
1404 1131 1482 1175 rese-

316 1222 420 1278 rarunt
438 1219 586 1278 hactonus.
623 1216 708 1275 Nunc
727 1232 796 1276 vero
811 1215 931 1276 Carolus
948 1217 1070 1289 Quintus
1088 1233 1140 1288 per
1160 1219 1361 1291 sesquiannum
1380 1220 1484 1280 ibidem

316 1324 484 1399 primarium
502 1323 564 1396 agit
582 1321 742 1395 consulem,
767 1322 816 1395 qui
830 1323 974 1398 magistris
993 1322 1108 1396 vig'lnm
1123 1324 1263 1382 exercitus
1282 1324 1372 1397 ipsios
1388 1312 1484 1385 'clares

314 1432 463 1504 portarum
476 1427 624 1488 commisit.
655 1427 702 1486 Sic
715 1443 769 1486 sna
782 1426 937 1501 prudentia
951 1428 1028 1487 cives
1043 1429 1218 1502 episcopum,
1235 1426 1355 1488 Carolus
1369 1446 1422 1488 sua
1435 1446 1482 1488 so-

314 1534 401 1594 lertia
415 1549 450 1594 ac
464 1535 593 1606 potentia
607 1533 790 1607 Augustanos
805 1533 937 1593 occludit.

401 1638 577 1713 Augustanis
592 1655 669 1698 anno
683 1639 825 1713 superiori
840 1638 1024 1699 Sebastianus
1037 1637 1166 1698 Schertel
1181 1643 1211 1698 ct
1226 1638 1284 1699 dux
1299 1641 1440 1700 exercitus
1455 1645 1484 1700 et

312 1741 400 1804 rebus
421 1743 527 1804 urbicis
545 1742 714 1819 praefuerat,
738 1745 788 1818 qui
809 1759 873 1804 cum
887 1743 1042 1818 abqucndo
1063 1759 1159 1803 secum
1172 1749 1336 1819 reputaret,
1361 1761 1410 1804 eos
1432 1746 1483 1819 qui

313 1849 431 1910 Plutoni
445 1865 480 1908 ac
491 1849 626 1924 religioni
639 1849 824 1924 addictiorcs,
848 1855 881 1908 ut
894 1849 999 1910 multos
1016 1848 1104 1910 habet
1118 1850 1257 1924 augusta,
1281 1850 1389 1910 scilicet
1403 1851 1482 1910 Wol-

311 1969 405 2029 ceros,
421 1955 581 2029 angeros,
595 1954 822 2028 Hecbstetteros,
838 1970 959 2028 quornm
970 1959 1065 2014 tamen
1076 1953 1184 2013 familia
1198 1955 1236 2014 ad
1250 1956 1352 2028 stipem
1367 1955 1484 2016 redacta

315 2065 367 2133 est,
382 2058 616 2134 Baumgarteros,
632 2058 752 2118 Goeleos
766 2063 797 2118 et
810 2060 906 2119 nescio
920 2075 993 2132 quos
1008 2058 1340 2132 Herbrotosdquilarios
1356 2065 1385 2118 et
1400 2060 1482 2132 quid·

313 2163 383 2238 quid
396 2164 482 2238 hnjns
497 2172 542 2226 est
555 2163 657 2226 farina
676 2165 764 2224 divite
783 2180 855 2238 gaza
874 2164 1018 2239 gaudens,
1042 2180 1093 2224 nec
1112 2163 1218 2224 bellum
1237 2179 1289 2223 nec
1309 2163 1483 2224 obsidionem

311 2270 432 2345 laturos,
444 2286 539 2330 secum
553 2271 654 2330 statuit
666 2270 842 2344 ipsemetbis
852 2270 899 2330 rol
912 2270 985 2331 urbe
999 2269 1087 2344 pulsis
1102 2269 1148 2328 vel
1162 2269 1323 2344 suppressis
1339 2269 1482 2330 civitatem
1547 2257 1548 2262 ¹

312 2391 462 2451 occupare,
477 2383 649 2451 experturus
662 2372 816 2436 fortunam.
854 2376 894 2435 At
908 2377 967 2450 vir,
982 2380 1015 2435 ut
1029 2379 1074 2434 est
1086 2374 1202 2434 heroico
1217 2375 1325 2449 animo,
1342 2375 1482 2436 bonorum

312 2481 430 2540 consilio
445 2481 636 2554 subscribens,
651 2486 753 2555 postea
766 2487 876 2546 mutata
891 2482 1034 2541 sententia
1049 2481 1197 2555 perpensis
1212 2480 1309 2539 multis
1323 2482 1436 2540 senatui
1451 2486 1483 2541 ut

311 2603 343 2646 se
359 2587 392 2646 in
411 2585 533 2646 cesaris
554 2586 733 2646 clementiam
753 2585 867 2661 darent,
890 2587 1042 2661 persuasit.
1081 2586 1209 2661 Optimus
1228 2586 1315 2646 heros
1334 2586 1480 2646 rarissimo

214 2669 222 2682 ¹
311 2691 443 2765 exemplo
456 2692 501 2750 sni
513 2692 643 2766 corporis
656 2707 692 2750 ac
705 2688 871 2752 bonitatum
885 2692 1011 2765 pericula
1031 2690 1111 2751 obire
1125 2691 1248 2764 malens,
1273 2707 1359 2764 quam
1380 2693 1481 2752 civium

311 2813 428 2858 suorum
442 2797 610 2872 sangninem
624 2813 678 2858 sua
695 2811 782 2857 cansa
795 2794 878 2858 tundi
892 2803 922 2856 et
936 2796 1008 2858 urbe
1028 2803 1057 2858 et
1071 2796 1167 2872 patrio
1182 2796 1275 2856 cessit.
1315 2796 1404 2871 Cujus
1422 2796 1483 2860 fata

313 2903 354 2964 dii
367 2900 534 2986 secundent

399 3006 511 3068 Eadem
524 3011 643 3068 senatus
656 3008 771 3068 nomine
785 3008 853 3069 uino
866 3008 1000 3068 honorati
1015 3023 1120 3068 snmus.

398 3113 521 3173 Domine
533 3113 629 3187 Deus,
652 3111 691 3172 da
710 3128 836 3173 amorem
857 3118 887 3171 ct
904 3114 1035 3174 timorem
1057 3115 1100 3174 tui
1122 3119 1151 3176 et
1165 3113 1387 3174 misericorditer
1406 3117 1439 3174 ut
1453 3115 1482 3175 in

311 3219 419 3295 populo
433 3218 533 3294 beato,
549 3220 600 3292 qni
613 3219 669 3278 scit
678 3217 891 3292 jubilationem,
907 3219 1085 3292 reperiamur
1099 3215 1231 3278 concede.
1318 3223 1323 3229 “

399 3324 459 3398 xxij
474 3324 583 3399 Aprilis
596 3322 675 3399 apud
691 3321 788 3383 divum
802 3322 971 3382 Mauritium
985 3323 1109 3384 Masculi
1129 3324 1292 3383 concionem
1308 3323 1407 3382 andbe
1423 3329 1480 3384 sta-

311 3431 416 3491 tuimus
430 3431 508 3489 intra
521 3433 633 3490 sextam
648 3432 678 3487 et
691 3428 849 3501 septimam.
873 3426 962 3488 Mane
977 3429 1065 3504 igitur
1078 3428 1133 3490 hoc
1146 3427 1283 3501 templum
1297 3425 1480 3501 frequentan-

310 3543 370 3611 tes,
391 3536 445 3594 bos
459 3535 533 3595 ritus
547 3534 753 3594 ecclesiasticos
771 3531 814 3592 ibi
830 3531 978 3593 observari
996 3533 1125 3594 vidimus.
1165 3532 1314 3593 semihora
1333 3537 1400 3592 ante
1415 3532 1480 3591 ulti·

309 3657 387 3701 mum
401 3655 604 3716 campanarum
619 3640 732 3715 pulsnm
746 3637 798 3697 ubi
811 3655 880 3713 pars
897 3638 994 3712 alique
1009 3638 1136 3700 ecclesia
1152 3639 1292 3712 convenit,
1308 3654 1365 3696 uno
1380 3638 1480 3711 praeci·

309 3752 397 3808 uento
415 3747 529 3806 canitur
548 3745 674 3819 psalmus
696 3745 801 3817 aliquis
821 3744 853 3803 in
873 3749 1003 3804 nostrum
1023 3744 1129 3805 idioma
1150 3744 1306 3804 trcmlatus
1326 3759 1434 3802 summa
1453 3748 1483 3803 et

309 3852 453 3914 modestia
474 3855 504 3910 et
517 3848 677 3911 devotione.
714 3850 786 3910 Post
803 3849 920 3924 aliquod
941 3847 1126 3910 interstitium
1147 3864 1246 3908 rursus
1261 3849 1335 3909 aiter
1356 3849 1481 3924 qnidam,

309 3957 387 4018 idem
398 3954 435 4016 fit
446 3960 513 4031 post
526 3970 636 4016 moram
649 3955 871 4031 longiusculam,
894 3955 986 4015 donec
996 3955 1080 4030 ¹justa
1094 3956 1214 4016 ecclesia
1233 3956 1310 4016 adsit
1324 3960 1354 4015 et
1368 3971 1480 4030 camps-

309 4079 414 4124 narnm
434 4062 565 4123 ultimum
585 4061 699 4136 signnm
721 4062 818 4122 datum
840 4062 887 4120 sit
924 4060 979 4120 His
1000 4061 1124 4136 peractis
1146 4063 1298 4138 praelector
1319 4066 1483 4136 suggestum
1527 4051 1530 4056 ’

309 4167 507 4228 conscendens
519 4167 652 4227 invocato
667 4167 764 4228 divino
777 4167 893 4226 numine
907 4165 979 4240 legit
993 4168 1188 4242 paragraphus
1202 4168 1312 4241 aliquot
1326 4184 1361 4225 ex
1375 4167 1481 4226 Mattb.

308 4275 349 4349 xij
365 4273 471 4349 capite.
509 4271 620 4333 Deinde
642 4287 780 4333 summam
799 4269 867 4332 fidei
881 4277 988 4331 nostre
1006 4288 1042 4332 ex
1061 4273 1156 4334 verbis
1173 4273 1278 4333 Christi
1291 4272 1411 4331 loannis
1426 4271 1480 4330 v1:

309 4379 381 4439 Hec
395 4384 493 4439 autern
506 4384 551 4438 est
560 4379 692 4440 voluutas
707 4379 782 4452 cius,
798 4377 848 4450 qui
862 4378 939 4437 misit
953 4393 1009 4453 me,
1030 4385 1062 4439 ut
1077 4380 1178 4452 omnis,
1194 4378 1244 4450 qui
1256 4376 1335 4436 videt
1349 4374 1439 4434 filium
1453 4382 1483 4435 et

310 4485 402 4546 credit
415 4484 447 4544 in
462 4499 536 4559 enm,
551 4483 658 4544 babeat
671 4485 759 4545 vitam
773 4488 919 4555 aternam,
936 4488 966 4542 et
980 4499 1034 4558 ego
1048 4481 1190 4542 suscitabo
1206 4497 1271 4540 eum
1283 4481 1314 4538 in
1329 4481 1481 4542 novissimo

233 4627 236 4632 -
311 4591 367 4664 die,
391 4596 443 4650 aut
455 4590 541 4648 simili
554 4590 652 4664 uliqao
667 4607 703 4650 ex
717 4591 806 4650 sacris
821 4589 970 4663 scripturis
982 4589 1053 4648 loco.
1067 4586 1072 4596 '
1086 4585 1199 4647 Deinde
1214 4585 1346 4646 bortatur
1361 4585 1399 4646 ad
1414 4601 1481 4646 oon-

311 4694 474 4771 fessionem,
490 4696 622 4771 praelegit
634 4696 756 4757 formam
770 4695 948 4770 potissimum
962 4692 1161 4764 continentem,
1179 4706 1264 4764 quam
1278 4692 1350 4750 nibil
1364 4689 1433 4752 boni
1446 4693 1484 4751 sit

313 4803 346 4860 in
359 4801 489 4878 bomine,
511 4817 597 4876 qnam
611 4802 683 4864 nibil
696 4802 771 4862 uires
786 4799 893 4862 nonna
907 4797 1016 4860 faciam
1029 4796 1066 4859 od
1081 4795 1214 4872 odotem,
1236 4795 1406 4859 concludens
1419 4810 1484 4857 cnm
