3700 5692
860 739 901 805 el

290 930 345 998 eet,
361 923 443 997 cuins
456 923 560 983 anima
575 922 718 995 propitius
733 920 925 981 sitdominus.
968 922 1108 996 Aooquis
1124 922 1326 1001 landtgrcviae,
1349 924 1463 985 Coloni-

290 1030 403 1089 ensium
418 1034 448 1089 et
462 1029 573 1089 comitis
588 1044 607 1087 a
621 1027 736 1087 Nasson
752 1025 866 1087 funebri
880 1042 985 1101 pompa
999 1028 1127 1102 sepultus
1151 1035 1202 1089 est.
1234 1031 1346 1092 Eadem
1361 1038 1391 1091 et
1405 1038 1464 1093 tres

290 1135 342 1193 alii
355 1136 420 1208 ipsa
434 1135 489 1193 hac
503 1139 588 1193 nocta
603 1129 747 1192 interfecti
762 1137 830 1192 sunt
845 1138 874 1191 et
888 1132 1009 1192 Martini
1024 1135 1084 1193 coci
1100 1134 1249 1209 sepulchro
1264 1137 1397 1211 impositi.
1473 1200 1475 1205 ,

379 1240 419 1318 xij
434 1240 508 1312 Maji
522 1240 554 1298 in
568 1237 823 1313 templo-Mauritii
844 1237 871 1297 d.
896 1236 1045 1297 Musculus
1066 1238 1101 1299 de
1122 1241 1318 1315 amputatione
1341 1242 1407 1301 vitis
1429 1258 1465 1301 ex

291 1361 354 1418 cap.
364 1362 402 1404 xv
409 1344 428 1405 J
430 1344 531 1405 oannis
545 1343 731 1403 concionatus
743 1346 799 1416 est,
815 1342 905 1401 multa
921 1342 957 1402 do
972 1343 1101 1403 bonitate
1116 1347 1206 1417 patris
1215 1345 1341 1406 coelcstis
1356 1345 1463 1421 dicens,

291 1449 342 1522 qui
363 1466 421 1509 uon
442 1450 540 1509 statim
560 1449 692 1522 palmites
713 1453 856 1522 amputet,
886 1448 937 1507 sed
958 1448 996 1508 ed
1015 1466 1107 1509 annos
1127 1445 1236 1525 aliquot
1256 1451 1415 1526 poenitendi
1435 1458 1463 1511 et

290 1554 462 1614 amandandi
483 1556 607 1628 spatium
628 1553 851 1613 misericorditer
869 1554 1008 1615 concedat
1022 1561 1077 1614 eto.
1109 1556 1182 1615 Item
1204 1556 1240 1615 de
1259 1558 1419 1630 improvida
1434 1565 1470 1629 et,

290 1659 434 1734 praecipiti
448 1661 658 1734 amputatione,
685 1675 743 1731 qua
757 1658 932 1733 hiutuntnr,
957 1661 1006 1733 qui
1022 1676 1052 1719 se
1068 1660 1196 1721 ecclesia
1211 1660 1464 1736 gubernatoreset

291 1765 387 1837 capita
400 1765 562 1839 gloriantur
581 1769 610 1821 et
629 1762 731 1823 haberi
749 1764 861 1839 volunt,
882 1770 913 1824 et
933 1766 1056 1824 maxime
1075 1765 1147 1825 illud
1167 1765 1305 1839 urgebat:
1325 1766 1462 1827 «Omnem

290 1871 438 1945 palmitem
451 1867 591 1928 ferentem
605 1866 729 1942 fructum
745 1870 775 1927 in
784 1886 859 1944 me,»
877 1860 961 1943 pater
976 1870 1120 1943 purgabit,
1136 1872 1232 1931 multis
1244 1872 1463 1933 evidentissimis

291 1976 468 2050 argumentis
485 1975 695 2048 demonstrans,
717 1991 802 2047 quam
819 1990 878 2033 non
897 1976 936 2033 sit
950 1975 1024 2035 ullus
1039 1977 1202 2035 mortalium
1217 1979 1263 2037 vel
1277 1979 1461 2037 etiam-sauc-

287 2082 414 2144 tissimus
431 2080 552 2153 quisque
570 2078 647 2137 omni
665 2082 795 2153 exparte
806 2079 939 2153 mundus,
954 2080 1038 2153 juxta
1046 2080 1131 2140 illud:
1151 2081 1241 2153 «Quis
1249 2086 1346 2155 potest
1355 2082 1460 2157 dicere,

290 2194 402 2247 castum
416 2191 461 2245 est
474 2200 524 2243 cor
537 2182 671 2243 mermi»
691 2182 784 2244 obiter
797 2183 851 2245 bos
866 2192 979 2260 tanam,
991 2186 1040 2259 qui
1056 2191 1169 2246 sanctos
1184 2190 1312 2244 mortuos
1326 2188 1461 2249 invocare

290 2293 487 2366 imaginesque
503 2306 603 2349 eorum
619 2290 714 2349 colere
729 2290 897 2364 doouemnt‚
911 2292 1070 2351 obtioentes
1084 2291 1162 2365 ipsos
1177 2306 1291 2365 quoque
1306 2291 1461 2365 ahquando

289 2404 457 2473 peccatores
471 2395 569 2469 fuisse,
586 2396 746 2471 exemplum
760 2396 880 2457 Davidis
895 2397 1054 2470 adducens,
1082 2398 1132 2470 qui
1152 2402 1234 2456 entra
1248 2399 1335 2457 vitem
1348 2398 1460 2471 palmes

290 2503 421 2577 peccauit
435 2504 466 2560 in
480 2501 622 2561 adulterio
637 2517 701 2559 curn
715 2501 863 2563 Bethsaba
882 2507 912 2561 et
934 2504 963 2561 in
979 2501 1134 2562 occidendo
1149 2502 1223 2562 Uria
1240 2520 1294 2576 per
1308 2504 1407 2562 literas
1423 2503 1461 2563 ad

288 2608 365 2669 Joab
381 2614 436 2667 eto.
460 2608 519 2667 Sed
532 2612 616 2680 pater
635 2608 776 2681 benignus
795 2626 860 2669 eum
875 2609 1018 2682 purgavit,
1040 2613 1073 2667 ut
1086 2624 1186 2667 rursus
1200 2608 1322 2683 largiter
1336 2607 1460 2667 fructum
1488 2644 1491 2651 -

287 2715 316 2773 in
331 2714 390 2773 vite
405 2710 504 2771 ferret.
540 2712 686 2771 Interdum
707 2714 813 2773 electos
832 2730 869 2772 ne
893 2715 924 2771 in
940 2713 1021 2773 donis
1037 2713 1219 2787 superbirent
1233 2714 1280 2773 vel
1295 2714 1460 2773 recalcitra-

286 2825 361 2893 rent,
378 2820 452 2877 sicut
466 2818 561 2877 Paulo
574 2818 718 2879 datus-est
733 2820 864 2883 stimulus
880 2820 910 2877 in
927 2836 1013 2879 carne
1029 2825 1059 2879 et
1074 2819 1183 2879 Sathan
1199 2836 1263 2879 eum
1279 2820 1460 2895 colaphisans

286 2930 341 2983 etc.
364 2923 417 2983 Ait
431 2939 561 2998 quoqne,
585 2924 659 2983 sicut
677 2923 859 2997 putredinem
873 2927 1020 3001 corporis,
1045 2927 1087 2985 ita
1102 2931 1132 2986 et
1146 2926 1247 2985 animae
1263 2927 1393 2985 similiter
1407 2926 1459 2985 du·

286 3031 391 3105 plicam
405 3046 486 3103 esse,
511 3045 588 3102 earn,
613 3045 677 3101 quae
699 3031 778 3089 veuit
798 3027 877 3089 foras
898 3032 938 3091 ad
958 3048 1061 3105 corpus
1086 3037 1115 3091 et
1130 3048 1193 3092 eam
1208 3048 1272 3106 quae
1288 3047 1325 3090 ex
1339 3046 1460 3106 corpore

285 3136 427 3210 procedit.
465 3134 554 3192 Primi
574 3136 688 3208 generis
710 3140 777 3193 sunt
797 3131 885 3194 ioetor
898 3136 944 3194 vel
955 3140 1074 3195 vstercus
1090 3139 1192 3197 calceis
1207 3138 1358 3197 adherens
1373 3142 1402 3195 et
1415 3137 1460 3196 his

286 3241 401 3301 similia
426 3239 566 3300 secunde
580 3239 741 3313 putredinis
760 3242 871 3341 species
885 3244 953 3297 sunt
968 3241 1086 3315 pituita,
1111 3242 1244 3315 sudores,
1269 3244 1462 3315 graviolentia

284 3346 393 3408 halitus
407 3347 477 3405 etsi
492 3345 567 3428 quid,
574 3346 675 3405 talium
690 3346 816 3405 sordium
831 3346 877 3420 sit,
893 3345 1025 3419 aquibus
1037 3343 1107 3405 foris
1122 3348 1233 3405 animus
1249 3347 1459 3419 coinquinetur,

285 3453 381 3525 qualis
394 3456 440 3511 est
457 3454 573 3513 morbus
593 3471 612 3513 a
626 3456 725 3526 pravis
747 3451 895 3525 colloquiis
915 3456 945 3509 et
963 3451 1050 3525 impio
1072 3452 1206 3511 sodalitio
1222 3456 1395 3523 contractus,
1411 3452 1460 3511 ab·

284 3559 362 3616 intus
378 3573 448 3616 uero
464 3560 546 3617 malae
563 3560 752 3633 cogitationes
768 3563 798 3619 et
813 3558 994 3616 conscientiae
1011 3558 1137 3615 maculae.
1154 3558 1193 3616 Et
1202 3554 1340 3633 proiecto,
1357 3557 1458 3630 inquit,

285 3662 395 3721 diversi
409 3669 478 3723 sunt
491 3664 569 3725 modi
583 3664 725 3739 sordium,
746 3680 813 3723 nam
828 3664 892 3722 aliae
907 3663 971 3721 ahis
987 3668 1017 3722 et
1030 3661 1101 3722 foris
1121 3668 1150 3723 et
1164 3664 1241 3722 intus
1256 3661 1385 3721 tenacius
1400 3661 1458 3719 hae-

285 3772 362 3828 rent.
401 3767 477 3827 Nam
493 3770 598 3842 siquis
620 3769 731 3829 calceos
752 3768 954 3853 maculaverit,
975 3769 1006 3825 in
1022 3768 1136 3827 domum
1151 3768 1297 3843 optimatis
1312 3766 1460 3842 cuiusdam

284 3874 396 3933 muare
411 3874 511 3933 volens
526 3874 625 3952 (modo
640 3876 776 3934 honestus
791 3874 835 3931 rir
851 3870 900 3947 sit)
923 3873 1071 3946 puluerem
1094 3877 1244 3947 extergere
1257 3874 1347 3947 jubet.
1386 3871 1460 3931 Alie

285 3994 355 4039 vero
369 3979 472 4039 sordes
487 3980 572 4039 aliam
587 3980 788 4054 purgationem
803 3979 962 4051 requirunt.
1012 3980 1087 4039 Nam
1100 3981 1131 4037 in
1146 3978 1296 4054 putredine
1311 3982 1460 4039 vulnerum

284 4083 318 4146 lit
331 4086 432 4145 sectio.
456 4085 503 4146 Ita
516 4086 637 4161 vinitor,
660 4087 710 4159 qui
724 4086 820 4145 omnia
834 4076 927 4159 novit,
953 4086 1039 4145 alium
1054 4086 1117 4161 hac,
1134 4086 1257 4146 alterum
1272 4088 1321 4145 illa
1336 4100 1461 4160 purgare

285 4192 368 4251 novit
382 4192 444 4264 via3
461 4192 486 4249 is
502 4191 610 4265 durius,
627 4192 674 4249 hio
688 4191 785 4251 mitius
799 4189 838 4249 ab
852 4206 887 4249 eo
902 4196 1054 4266 tractatur,
1072 4207 1185 4267 semper
1199 4197 1297 4252 tamen
1311 4193 1341 4249 in
1356 4191 1461 4249 bonum

285 4299 340 4357 sui.
358 4296 411 4356 Et
425 4302 521 4371 certe,
545 4298 602 4371 ait,
623 4296 703 4356 haud
722 4312 786 4355 eum
810 4295 966 4355 christiano
987 4299 1101 4357 nomine
1117 4296 1232 4370 dignum
1249 4297 1388 4369 duxerim,
1404 4295 1461 4375 -qui

285 4405 398 4465 calceos
413 4401 580 4477 abstergere
597 4403 692 4477 novit,
713 4408 746 4469 et
760 4419 819 4462 non
833 4418 930 4461 secum
945 4402 1160 4476 recogitaverit,
1182 4403 1206 4459 si
1222 4417 1307 4475 quam
1321 4401 1463 4459 maculam-

285 4509 470 4570 oouscientiae
485 4509 654 4582 accepisset,
670 4512 702 4566 ut
717 4524 780 4567 eam
795 4506 950 4581 aliquando
966 4523 1091 4581 purgare
1107 4510 1229 4580 satagat.
1268 4505 1395 4565 Putredc
1410 4520 1461 4565 au·

284 4619 344 4674 tem
357 4615 410 4677 illa
424 4631 483 4675 uon
498 4616 577 4673 venit
597 4631 634 4673 en
654 4614 750 4687 stipite
770 4628 824 4672 nec
838 4629 875 4672 ex
896 4613 994 4672 radice
1011 4618 1061 4671 aut
1076 4612 1165 4671 nobili
1180 4626 1197 4669 e
1212 4626 1296 4674 suooo
1310 4611 1386 4685 ritis,
1411 4609 1462 4671 sed

285 4737 323 4781 ex
337 4720 562 4795 degeneratione
575 4719 732 4792 pahnitum.
763 4718 911 4778 Praeterea
924 4718 1145 4790 meminerimus,
1170 4718 1194 4774 si
1210 4733 1267 4791 qua
1283 4733 1300 4775 a
1314 4716 1460 4789 benignis-

285 4826 358 4885 simo
373 4830 459 4899 patre
476 4841 547 4883 crux
567 4823 650 4885 nobis
671 4825 850 4899 imponatur,
875 4823 903 4881 id
928 4821 992 4881 fieri
1007 4824 1037 4882 in
1053 4822 1253 4896 purgationem
1269 4821 1373 4881 veteris
1388 4819 1461 4901 Adae
1498 4902 1499 4907 γ

331 4952 448 4997 wimar.
1230 4930 1248 4985 6
