3700 5692
758 708 909 766 aarum.

292 868 495 951 llaEuropac
516 869 639 949 pascos
661 868 835 951 corrumpit
857 868 961 935 Gallia
983 888 1097 951 mores,
1168 873 1196 947 's

346 979 379 1039 et
400 974 482 1041 vitia
505 992 580 1039 aare
602 975 692 1057 gravi
715 974 879 1057 multoque
902 975 1069 1057 redempta
1090 978 1219 1059 periclo,

346 1077 410 1144 fert
432 1078 565 1162 reliquis
588 1081 684 1145 terris
708 1084 740 1145 ei
763 1087 896 1146 cunctas
920 1079 1058 1146 fascinat
1082 1101 1169 1147 oras:

346 1184 505 1267 pristinus
527 1184 601 1250 hinc
624 1186 779 1252 decrescit
801 1184 903 1251 honos
927 1190 960 1251 et
981 1186 1124 1253 mascula
1146 1188 1248 1254 virtus

345 1296 445 1374 atque
468 1290 565 1355 animi
587 1288 688 1356 fortes
710 1290 892 1374 invictaque
915 1294 1032 1357 robora
1054 1292 1148 1373 bello,

292 1398 446 1479 aaoinque
467 1395 573 1461 locum
595 1398 735 1464 subeunt
756 1398 908 1479 periuria,
933 1394 1028 1463 foeda
1050 1397 1159 1477 libido,

347 1501 500 1568 foeminei
523 1506 675 1582 comptus.
721 1500 794 1566 Sint
815 1499 939 1567 Gallica
965 1507 1079 1567 cuncta
1102 1519 1234 1567 necesse
1258 1506 1316 1583 est,

347 1609 519 1674 verborum
540 1606 701 1688 ampullae
723 1608 893 1689 patriaque
916 1604 1055 1673 infancia
1078 1606 1225 1690 loquelae

349 1712 473 1779 Gallica
496 1730 566 1793 aon,
590 1730 652 1777 non
675 1711 845 1794 indigenis,
868 1731 932 1777 non
957 1712 1083 1793 cognita
1106 1713 1176 1792 civi,

351 1818 476 1885 Gallica
497 1817 640 1882 luxuries
664 1822 697 1882 et
719 1816 843 1882 Gallica
865 1816 960 1883 corde
984 1817 1129 1883 simultas

288 1930 382 1997 asset
406 1921 497 1989 frans
521 1926 554 1986 et
574 1921 706 1987 levitas:
737 1922 770 1987 in
795 1940 927 2004 corpore
952 1921 1075 1989 Gallica
1098 1922 1206 2002 vestis,

347 2038 383 2097 et
404 2028 491 2095 Galli
515 2027 611 2105 ritus;
633 2028 732 2092 mietio
754 2046 880 2111 quoque
903 2027 1010 2094 Gallia
1032 2046 1180 2108 spurcam

348 2140 517 2217 contagem
538 2132 748 2214 insuetasqne
770 2151 941 2214 perarma
964 2133 1100 2199 duellica
1122 2138 1250 2197 mortes.

392 2238 487 2305 Talia
509 2238 585 2304 dum
607 2242 761 2303 memorat
784 2244 939 2303 commota
962 2238 1086 2320 percita
1108 2237 1172 2304 bile

346 2345 482 2423 Urania,
505 2343 547 2408 ad
569 2342 734 2408 Phoebum
758 2344 888 2409 devenit
912 2342 1058 2425 epistola,
1081 2359 1232 2422 magnum

289 2450 556 2523 laodescendisse
577 2449 681 2514 uirum
704 2448 745 2513 ad
769 2466 913 2530 superos,
937 2448 1119 2532 Venerique
1142 2444 1298 2511 talentum

349 2560 381 2620 et
402 2554 492 2621 mille
514 2554 548 2619 in
570 2554 690 2621 nbulis
712 2554 815 2619 minas
838 2554 963 2636 legasse
985 2554 1091 2639 Lyaeo

350 2666 445 2744 atque
468 2660 581 2727 obolos
603 2659 705 2725 Musis
728 2659 852 2741 quinos,
876 2666 914 2723 ut
935 2677 1013 2725 voce
1035 2676 1151 2724 sonora

350 2766 499 2852 patricias
522 2765 636 2832 laudea
660 2769 692 2829 et
714 2763 808 2830 docta
832 2764 975 2847 epicedio
998 2770 1137 2831 cantent.

348 2872 433 2952 Illae,
457 2890 500 2937 ne
525 2871 607 2937 tanti
630 2868 754 2935 ferrent
776 2870 945 2952 dispendia
967 2870 1057 2949 lucri,

297 2979 519 3046 &canebant
541 2977 664 3043 alacres
687 2977 870 3044 celebrandi
891 2977 934 3043 ad
956 2976 1051 3043 busta
1073 2975 1210 3057 patroni.
