3700 5692
853 687 901 754 43

378 867 425 927 lbi
437 871 520 929 certo
542 867 744 942 comperimus,
765 868 908 930 Joeuuern
921 887 941 932 a
954 869 1091 946 Hilehem
1114 873 1164 947 qai
1182 887 1248 932 cum
1267 885 1375 946 genero
1389 871 1462 935 Wil-

295 971 385 1033 belmi
398 973 520 1048 comitis,
535 973 638 1034 comite
650 973 819 1035 Hermanno
833 991 852 1036 u
864 973 986 1038 Nuenar
1000 977 1120 1052 abierut,
1142 978 1202 1038 vita
1215 978 1379 1040 excessisse.
1410 980 1465 1054 Qui

288 1079 420 1138 loannes
433 1077 587 1141 Wilbelmo
602 1077 707 1152 comiti,
723 1076 800 1151 quod
813 1084 895 1140 vetus
909 1081 973 1155 ejus
987 1097 1127 1158 congerro
1140 1088 1170 1144 et
1182 1082 1338 1142 multorum
1350 1087 1463 1156 pericu·

291 1185 389 1246 lorum
404 1198 476 1258 poce
489 1183 575 1242 sinui
588 1187 619 1242 et
631 1183 707 1243 bello
722 1184 816 1243 socius
829 1185 892 1258 ipse
905 1184 1002 1263 fuerit,
1018 1192 1082 1250 eret
1096 1203 1182 1262 qaam
1195 1185 1388 1250 charissimus.

382 1289 462 1348 Nota
475 1287 512 1348 de
526 1287 643 1348 tibicine
657 1294 689 1348 ct
700 1289 873 1350 marchionis
886 1290 1019 1352 electoris
1034 1293 1217 1354 marschalco.

380 1394 467 1454 Anno
485 1394 635 1467 superiore
655 1392 771 1454 (lesus
794 1395 826 1454 iu
844 1395 973 1458 Saxones
993 1397 1129 1458 domante
1148 1398 1304 1459 exercitum
1318 1399 1463 1474 Hispanus
1562 1397 1567 1422 ¹

292 1497 412 1574 ιιιιιιιιιι
427 1498 474 1575 (ιιι
487 1502 534 1558 cst
546 1513 618 1572 geue
632 1499 805 1572 turpusime
819 1500 976 1560 selumietis
998 1507 1028 1561 ιι
1041 1501 1192 1566 ineffabilis
1207 1499 1341 1577 luxuriei)
1364 1504 1465 1566 rustici

294 1621 417 1666 uxorem
437 1608 586 1680 spectante
603 1605 707 1664 marito
729 1609 864 1680 stuprare
887 1611 1008 1666 conatus
1029 1612 1082 1667 est.
1120 1608 1203 1681 Quod
1225 1609 1327 1668 videus
1341 1610 1464 1670 metiens

292 1716 412 1784 arrepto
427 1709 525 1770 nescio
540 1725 598 1784 quo
611 1709 801 1770 instrumento
811 1710 970 1784 Hispanum
981 1709 1109 1772 confodit
1122 1714 1240 1788 seipse,
1256 1719 1289 1774 ιιι
1302 1719 1364 1776 tum
1377 1715 1462 1775 vesti·

294 1823 342 1877 tus
362 1819 440 1889 erat,
461 1831 538 1889 equo
558 1814 686 1874 insiliens
706 1813 818 1890 adugit
835 1822 867 1876 et
885 1816 925 1877 ad
937 1817 966 1876 N
988 1819 1119 1878 comitem
1139 1821 1258 1880 veniens
1278 1817 1464 1883 intortunium

292 1939 379 1984 suum
392 1921 436 1981 illi
449 1921 589 1994 exposuit.
628 1918 731 1980 cemes
753 1919 843 1996 igitur
865 1922 966 1981 rustici
984 1923 1117 1984 misertus
1140 1929 1169 1982 et
1183 1923 1261 1997 quod
1275 1924 1311 1985 de
1326 1927 1463 1999 pauperie

292 2044 348 2088 ena
361 2030 597 2100 conquereretur,
611 2029 764 2086 coronatos
778 2031 902 2098 quatuor
917 2025 960 2086 illi
970 2026 1096 2101 donant,
1109 2027 1223 2102 jubens,
1239 2030 1264 2088 ei
1277 2034 1382 2104 posset,
1398 2031 1462 2103 pln-

290 2150 340 2194 res
353 2133 458 2195 torum
471 2131 638 2204 extirparet,
653 2134 729 2190 etse
742 2130 785 2190 illi
800 2132 990 2206 copiosiorem
1009 2133 1160 2206 peoaumm
1175 2133 1318 2194 daturum.

335 2273 338 2278 -
382 2234 603 2311 DomipeDeus‚
619 2237 754 2310 quoniam
768 2252 852 2297 nemo
865 2238 1029 2298 mortalium
1043 2239 1102 2298 suis
1111 2237 1245 2312 operibus
1260 2239 1380 2300 sulutem
1395 2254 1462 2300 eon·

292 2344 377 2418 sequi
391 2347 497 2417 potest,
511 2347 542 2402 te
554 2340 752 2415 deprecamur,
767 2357 835 2402 orm
847 2343 984 2402 mundum
998 2358 1048 2402 cor
1062 2343 1093 2402 in
1106 2344 1216 2402 viscera
1226 2348 1326 2404 nostra
1340 2349 1371 2404 et
1382 2345 1462 2417 prin·

292 2449 383 2522 cipuli
396 2449 502 2522 spiritu
515 2462 568 2507 noe
582 2444 728 2521 confirma,
744 2451 777 2506 ιιι
790 2447 832 2506 sio
845 2448 877 2527 in
890 2452 1030 2522 tepaeem
1044 2447 1199 2508 babeamus
1213 2449 1244 2507 in
1257 2445 1318 2510 filio
1332 2454 1382 2508 tuo
1391 2448 1463 2508 iesu

292 2559 324 2616 et
337 2569 403 2628 quae
420 2550 475 2612 ubi
486 2551 594 2624 placita
607 2556 683 2625 sunt,
704 2549 859 2625 ιιιῑιιιιιιιι
873 2569 926 2612 nos
940 2555 1044 2626 spiritu
1057 2559 1107 2614 tuo
1121 2553 1207 2626 bono,
1226 2568 1339 2626 semper
1353 2554 1460 2628 eogita-

291 2676 366 2718 mue.
405 2658 464 2730 Qui
483 2657 556 2718 uiuis
574 2662 605 2716 et
621 2672 727 2731 regnas
746 2657 828 2720 Dens
846 2674 920 2718 unus
940 2662 970 2719 et
990 2658 1083 2718 trinus
1105 2658 1137 2716 in
1160 2658 1334 2732 sempiterna
1356 2658 1461 2718 escula.

290 2764 394 2822 Amen.

380 2868 450 2926 xxix
462 2864 581 2940 Aprilis,
596 2880 662 2939 quae
675 2863 730 2926 fuit
744 2864 888 2926 dominica
900 2870 1026 2942 cantate,
1040 2867 1071 2926 in
1078 2867 1224 2930 Mincium
1238 2867 1344 2943 templo
1360 2867 1463 2926 divinis

290 2971 481 3046 interfuimus,
495 2972 547 3032 ubi
559 2972 653 3045 primo
662 2971 909 3045 praelectorceput
919 2971 1073 3032 14Mutth.
1084 2974 1228 3047 integrum
1237 2974 1343 3049 populo
1355 2987 1391 3032 ex
1405 2967 1464 3032 am·

291 3079 369 3140 boue
381 3077 455 3151 legit
473 3091 508 3136 ae
525 3073 733 3156 emersionem
746 3073 890 3149 publicam
911 3081 942 3135 et
959 3075 1172 3153 obsecretiones
1185 3075 1282 3138 iacere
1300 3078 1393 3152 jussit.
1409 3078 1463 3138 His

290 3181 632 3257 peractideeonurdus
640 3181 747 3240 buicin
756 3184 893 3253 suggestu
907 3167 1043 3253 succedit,
1057 3182 1107 3253 qui
1120 3183 1254 3242 invocato
1268 3182 1357 3244 divini
1371 3183 1462 3242 numi·

292 3289 339 3346 nis
357 3303 416 3368 ope
437 3303 475 3346 ex
487 3287 582 3359 eapite
595 3285 723 3345 seeundo
736 3283 869 3344 Mattbaei
884 3284 983 3360 (quem
998 3285 1202 3358 evangelistam
1223 3284 1299 3344 idern
1319 3303 1373 3358 pro
1387 3285 1464 3346 ordi·

295 3394 382 3454 uaria
402 3391 540 3453 mucione
560 3388 660 3465 hebet)
683 3390 754 3464 legit
773 3389 837 3448 hoec
856 3387 959 3450 uerba:
982 3386 1124 3448 Defuncto
1146 3394 1241 3448 ιιιιιιιι
1259 3389 1375 3450 Herode
1398 3405 1465 3450 ecce

293 3498 416 3572 angelus
430 3494 538 3560 domm
551 3495 584 3552 in
597 3494 715 3554 somniis
729 3510 873 3569 apparens
882 3494 902 3553 J
902 3494 1009 3566 osepho
1024 3494 1055 3554 in
1064 3492 1206 3568 Aegypto,
1221 3509 1312 3567 usque
1327 3492 1464 3554 adfinem

292 3601 405 3675 capitis.
434 3598 548 3659 Deinde
568 3598 641 3659 adeo
655 3601 715 3658 suis
734 3598 877 3660 coloribus
890 3597 1037 3658 Herodem
1057 3597 1200 3672 depingit,
1222 3597 1299 3670 quod
1312 3595 1400 3656 fuerit
1412 3613 1464 3658 rex

293 3706 396 3768 atheos
419 3710 618 3778 tyrannusque
636 3704 910 3778 truculentissimus,
935 3707 1035 3777 utpote
1050 3702 1100 3776 qui
1113 3700 1282 3762 mianticida
1296 3717 1349 3762 nee
1369 3700 1464 3774 ιιιιιο

293 3809 354 3872 filio
377 3810 497 3884 proprio
516 3811 695 3885 pepercerit,
716 3809 767 3882 qui
786 3808 982 3868 Alexandrum
1001 3813 1031 3868 et
1044 3806 1240 3868 Aristobolum
1258 3805 1332 3868 tilios
1345 3822 1463 3881 suspen·

292 3914 341 3976 dio
354 3917 444 3975 vitam
458 3913 544 3974 tinnire
563 3914 709 3988 adegerit,
732 3915 783 3987 qui
806 3928 917 3973 omnem
932 3913 1053 3987 stirpem
1066 3912 1225 3974 davidicam
1239 3911 1376 3972 radicitus
1389 3927 1464 3988 pre·

292 4026 339 4080 ter
351 4034 462 4095 paucos
476 4018 605 4093 reliquos
619 4019 766 4092 extirpare
780 4018 935 4092 sutegerit,
968 4018 1008 4078 ad
1021 4019 1084 4076 ιιι
1097 4023 1229 4079 senatum
1242 4018 1391 4092 sinderim,
1412 4018 1466 4078 troo

293 4132 338 4186 cst
356 4125 543 4202 septuaginta
563 4124 708 4184 seniorum
728 4138 781 4198 per
802 4123 973 4182 occisionem
987 4123 1148 4184 abstulerit.
1187 4124 1259 4184 Item
1284 4122 1361 4196 quod
1383 4123 1466 4184 enam

292 4231 391 4305 xxxvij
398 4227 517 4291 ,Judaeu'r
531 4228 688 4308 prefuerit,
704 4229 853 4289 remittens
867 4243 920 4287 noe
935 4227 973 4288 de
986 4228 1032 4288 bis
1046 4229 1132 4290 rebus
1147 4227 1359 4300 adJosephum,
1374 4227 1464 4286 Euse-

293 4336 381 4410 bium,
395 4335 550 4410 Joeippum
563 4332 792 4408 etAegesippum
801 4337 856 4393 eto.
878 4333 1147 4394 JussitLeonerdns
1160 4334 1190 4392 in
1205 4332 1259 4391 hoo
1273 4330 1388 4393 Herode
1402 4331 1465 4393 loa·

291 4442 491 4517 ganimitatem
505 4439 700 4514 benifflissimi
714 4437 763 4498 dei
775 4436 968 4512 considerare,
984 4439 1034 4513 qui
1048 4444 1129 4498 tento
1143 4443 1272 4510 tempore
1286 4433 1467 4509 tyrannidem

292 4547 417 4607 bominis
430 4545 516 4620 hujus
530 4545 639 4618 tulerit,
654 4548 687 4605 et
701 4540 778 4619 qnod
793 4541 864 4603 deus
877 4541 1077 4616 peecatoribus
1092 4540 1268 4626 poenitentiis
1290 4540 1383 4600 locum
1397 4555 1465 4600 con·

297 4652 392 4712 eodm.
415 4649 499 4721 Dixit
511 4652 581 4711 item
596 4650 633 4709 de
646 4663 786 4724 prospero
801 4663 935 4708 successu
949 4647 1083 4722 Herodis,
1107 4645 1215 4706 scilicet
1237 4645 1286 4717 qui
1300 4631 1408 4704 caseri
1419 4659 1467 4712 ae·

300 4756 482 4833 optauimus
502 4753 592 4830 toret,
618 4753 777 4830 phariseos
796 4760 827 4817 ct
843 4751 992 4831 perdices
1012 4751 1068 4814 sibi
1085 4749 1214 4818 events
1232 4749 1363 4823 baberet,
1386 4754 1469 4816 caue
