3700 5692
902 721 946 787 23

339 903 500 981 couu'trbus,
516 906 543 972 si
556 919 614 978 qua
628 906 818 980 peecavmint,
833 905 989 966 elementer
1002 908 1149 982 ignoscere
1164 911 1240 986 velit,
1257 912 1287 974 id
1302 916 1418 975 comites
1434 931 1510 992 saepe

336 1010 407 1071 dicti
418 1025 474 1084 pre
488 1027 542 1070 sua
555 1011 632 1070 virili
650 1016 681 1070 et
694 1008 798 1069 debitis
813 1009 915 1070 officiis
930 1021 1000 1086 erga
1022 1029 1176 1074 caesaream
1190 1018 1370 1090 majestatem
1385 1026 1415 1090 et
1428 1039 1509 1082 reve-

337 1116 537 1176 rendissimmn
548 1116 585 1174 D.
596 1118 631 1175 V.
646 1116 805 1190 promereri
819 1121 960 1191 samgeut.
984 1119 1147 1194 Respondit
1159 1121 1369 1200 atrebatensis,
1387 1127 1510 1188 dilucide

336 1223 433 1296 capita
445 1222 626 1297 negotii-duo
640 1223 742 1297 videm,
757 1223 875 1281 comites
890 1225 1013 1282 movisse
1026 1241 1106 1285 arma
1117 1228 1148 1285 in
1159 1228 1362 1303 imperatorem
1377 1247 1411 1289 ex
1426 1237 1510 1305 parte

335 1327 571 1400 protestantium
595 1327 627 1386 id
641 1327 698 1386 illis
712 1328 826 1386 minime
841 1326 968 1403 licuisse,
993 1330 1105 1389 etiamsi
1125 1333 1183 1390 sint
1203 1335 1304 1392 vasalli
1326 1335 1509 1412 landtgravii,

336 1437 368 1493 et
379 1430 518 1506 quosdam
530 1447 567 1490 ex
579 1433 615 1491 iis
626 1447 689 1506 pra
699 1431 811 1490 eatena
822 1433 964 1493 hostilieri
977 1436 1072 1494 auimo
1085 1437 1115 1496 in
1126 1439 1325 1511 imperatorem
1340 1447 1507 1502 ostentasse.

335 1536 420 1610 Quod
433 1552 503 1598 vere
517 1537 557 1596 ad
570 1537 801 1609 capitulationem
820 1539 937 1612 eminet,
959 1541 1075 1610 comites
1090 1544 1120 1601 in
1135 1542 1188 1603 hee
1204 1561 1262 1604 nen
1278 1546 1506 1620 comprehensos.

334 1644 484 1703 Proeterea
497 1642 609 1702 etiamsi
622 1642 679 1701 sint
692 1643 793 1702 vasalli
808 1641 956 1703 cattorum
971 1647 1117 1722 principis,
1133 1652 1229 1710 tamen
1248 1666 1285 1710 ex
1299 1650 1354 1709 hoc
1369 1667 1426 1712 nen
1442 1669 1508 1714 con-

333 1749 426 1823 sequi,
442 1763 493 1808 eos
507 1763 571 1808 csse
584 1749 675 1822 ipsius
690 1747 829 1808 subditos.
853 1747 898 1808 Ad
912 1749 975 1808 baec
986 1753 1104 1811 comites
1115 1753 1223 1813 Caesari
1235 1757 1296 1829 jam
1311 1756 1406 1815 multis
1421 1774 1508 1833 nege·

332 1854 383 1914 tiis
397 1853 616 1928 occupatissimo
630 1851 669 1913 eb
683 1858 796 1928 sumpta
808 1869 891 1912 arma
904 1855 935 1912 iu
950 1852 1148 1916 coloniensem
1164 1863 1308 1934 negotium
1322 1860 1440 1937 fecisse,
1463 1862 1506 1922 id-

333 1975 392 2033 que
411 1959 574 2018 extantibus
596 1958 674 2018 bisce
686 1959 825 2033 Augustae
847 1959 976 2019 comitiis.
1015 1961 1098 2020 Juste
1112 1963 1199 2036 igitur
1219 1967 1417 2040 imperatorem
1433 1968 1463 2027 id
1478 1974 1508 2027 et

332 2079 414 2140 segre
427 2061 505 2124 ferre
520 2071 550 2123 et
563 2080 583 2123 a
596 2063 746 2123 comitibus
766 2063 992 2124 emendationem
1011 2067 1134 2140 exigere.
1174 2071 1281 2128 Verum
1302 2075 1447 2146 uteunque
1461 2089 1508 2132 res
1553 2068 1555 2074 ’

331 2185 366 2230 se
380 2170 520 2243 babeant,
543 2170 635 2241 ipsum
650 2167 714 2226 heri
729 2170 836 2228 nocuis
854 2168 978 2245 dixisse,
1001 2173 1026 2229 si
1042 2173 1078 2232 de
1092 2174 1136 2232 his
1151 2190 1203 2234 nos
1224 2191 1361 2236 excusare
1379 2178 1507 2254 velimus,

331 2282 367 2337 ut
379 2276 412 2336 id
425 2274 534 2349 scripto
547 2289 645 2334 eorem
659 2273 779 2334 munde
793 2273 935 2348 imperiali
949 2273 1032 2336 fieret
1047 2283 1100 2336 ete.
1124 2278 1206 2338 Dixit
1222 2269 1308 2340 etiam
1322 2281 1456 2343 Liberius
1472 2283 1507 2345 de

331 2381 457 2457 pecunie
468 2395 521 2454 per
528 2377 724 2438 Reiubardum
734 2380 865 2438 comitem
879 2383 993 2440 caesaris
1008 2384 1122 2442 nemine
1136 2386 1236 2459 petita,
1252 2392 1281 2446 et
1296 2388 1320 2446 si
1330 2387 1427 2448 caesar
1443 2406 1506 2450 eam

330 2485 377 2546 illi
390 2485 456 2546 dari
470 2500 505 2544 ac
519 2501 572 2544 nos
585 2489 687 2545 coutm
702 2484 800 2545 Gades
814 2485 844 2543 iu
861 2483 916 2545 boc
936 2485 1091 2548 defendere
1110 2490 1192 2566 velit,
1213 2509 1266 2552 uos
1286 2509 1349 2552 eam
1369 2511 1506 2554 summam

330 2591 546 2669 promptissime
561 2590 689 2650 daturos.
711 2590 759 2650 Ad
773 2591 829 2652 hee
843 2597 940 2652 summ
955 2593 1210 2670 nibilresponsum
1221 2609 1239 2658 a
1251 2601 1384 2673 praesule.
1407 2601 1505 2660 Eubu-

331 2700 380 2758 lus
400 2699 501 2771 itaque
521 2698 679 2773 asperitate
700 2698 808 2771 negotii
829 2703 859 2757 ct
873 2701 1042 2760 necessitate
1064 2707 1178 2762 coactus
1200 2705 1322 2777 primum
1344 2706 1456 2764 veniam
1470 2707 1507 2767 ab

332 2805 469 2879 episcopo
490 2808 624 2877 precatus
643 2811 704 2877 est,
727 2819 795 2862 uum
815 2804 857 2862 illi
876 2806 976 2864 liceret
995 2821 1083 2865 unum
1102 2813 1152 2866 aut
1172 2808 1295 2868 alterum
1308 2810 1427 2869 verbum
1442 2809 1506 2870 issi.

332 2908 410 2968 Nam
423 2923 490 2967 enm
502 2909 606 2968 mentis
621 2923 681 2966 sua
695 2913 834 2982 concepta
846 2909 896 2968 vix
909 2909 999 2968 latine
1014 2910 1109 2986 alequi
1125 2928 1219 2987 pesse.
1252 2913 1329 2973 Data
1343 2915 1437 2989 venie,
1460 2921 1506 2974 ut-

332 3029 447 3088 cunque
460 3015 563 3088 potnit,
585 3014 648 3072 baec
661 3012 789 3073 adduxit.
827 3014 875 3074 sd
887 3015 928 3089 id,
953 3016 1031 3089 quod
1044 3016 1244 3077 Atrebatensis
1259 3020 1364 3093 praesul
1379 2999 1506 3094 dixisset,

334 3121 455 3182 conantes
469 3121 501 3179 iu
515 3120 721 3194 capitulatione
735 3134 794 3178 neu
807 3117 1042 3195 comprehensos,
1065 3137 1099 3181 eo
1114 3123 1192 3196 qnod
1206 3124 1230 3182 si
1245 3125 1313 3183 lieet
1326 3125 1427 3184 vasalli
1442 3122 1508 3184 Gat-

333 3234 431 3289 terum
449 3231 559 3298 esseut,
582 3239 639 3283 uon
653 3223 760 3285 subditi
774 3229 847 3299 etc,
870 3225 926 3284 hoc
940 3223 1045 3284 debere
1059 3226 1210 3299 presulem
1231 3230 1318 3302 seme,
1342 3243 1400 3288 uon
1419 3227 1509 3288 solnm

332 3333 460 3394 vasallos
474 3348 527 3392 nos
548 3346 612 3390 esse
635 3330 822 3405 landtgravii,
847 3330 898 3390 sed
913 3345 948 3389 ea
963 3345 1015 3389 nos
1036 3332 1317 3405 pressosservitute,
1341 3337 1373 3389 ut
1388 3332 1424 3392 ob
1438 3335 1507 3392 viei-

334 3440 413 3499 niam
427 3438 512 3511 quasi
526 3437 602 3496 iuter
620 3436 735 3496 intimos
748 3436 858 3496 Hessos
879 3436 1120 3496 commorantibus
1142 3452 1200 3495 uon
1222 3433 1310 3496 inerit
1327 3437 1449 3496 liberum
1463 3439 1510 3497 vel

333 3545 364 3604 iu
379 3544 484 3617 exigua
497 3558 584 3602 cansa
598 3542 720 3616 principi
735 3543 887 3614 quicquam
902 3541 1062 3616 denegare,
1079 3545 1112 3599 ut
1127 3548 1156 3600 et
1170 3541 1232 3628 baee
1247 3545 1334 3600 antea
1348 3558 1400 3617 per
1415 3543 1507 3618 Magi-

332 3653 427 3708 strum
441 3647 559 3706 Flcrum
572 3646 657 3707 latium
671 3631 791 3706 narrata
805 3650 910 3705 esseut.
950 3645 1062 3706 Deinde
1078 3643 1154 3718 qued
1170 3646 1207 3704 ad
1222 3645 1435 3721 Coloniensem,
1457 3664 1509 3708 nes

333 3753 444 3814 babere
465 3751 594 3812 diversas
617 3752 774 3825 dinastiae,
798 3752 890 3810 nestri
910 3750 1060 3810 comitatus
1075 3767 1120 3810 me
1142 3766 1204 3810 esse
1224 3753 1365 3810 seniorem
1384 3757 1414 3811 et
1431 3752 1509 3827 ipses

333 3860 404 3918 mibi
418 3863 547 3918 asmntes
561 3855 666 3916 fratres
681 3872 739 3915 nen
759 3862 859 3915 tenere
877 3856 981 3938 =eadem
1000 3854 1141 3930 dominia,
1166 3861 1195 3915 et
1210 3862 1288 3916 ortas
1309 3856 1425 3930 quidem
1446 3873 1509 3917 esse
1542 3919 1545 3926 ,

333 3963 437 4024 turbas
449 3961 526 4022 inter
540 3959 645 4021 irenes
660 3966 691 4020 et
705 3960 917 4035 coloniensem,
938 3966 1052 4020 nostres
1068 3967 1163 4020 autem
1178 3980 1236 4021 non
1251 3963 1404 4036 sumpsisse
1419 3979 1509 4038 armo,

335 4076 368 4130 ut
382 4068 548 4129 Coloniensi
569 4068 614 4146 (ut
627 4069 653 4128 is
668 4084 722 4128 nos
742 4065 899 4141 accusavit)
920 4067 1027 4126 bellum
1046 4067 1229 4142 inferremus3
1253 4073 1396 4142 uteunque
1415 4073 1510 4128 autem

334 4191 382 4234 res
396 4189 429 4233 se
443 4175 583 4248 babeant,
608 4174 752 4246 quoniam.
763 4174 1004 4242 reverendissima
1018 4173 1054 4232 D.
1071 4176 1105 4234 V.
1126 4192 1178 4235 uos
1197 4175 1234 4235 ad
1252 4175 1402 4234 concilium
1420 4175 1509 4248 impe·

335 4282 408 4342 riale
429 4281 573 4354 remittat,
596 4285 692 4338 tanen
715 4280 784 4352 quia
804 4278 886 4353 uobis
908 4285 1007 4338 uotum
1029 4281 1067 4338 sit
1089 4296 1169 4339 suam
1192 4267 1395 4338 authoritatem
1415 4278 1511 4350 magni

336 4387 414 4463 apud
429 4401 584 4470 cesarem
599 4385 778 4458 majestatem
792 4382 865 4457 fieri,
881 4384 954 4444 odeo
976 4390 1017 4456 ut,
1034 4399 1212 4457 quaeeunque
1226 4386 1386 4442 tractentur
1400 4382 1431 4440 in
1445 4395 1511 4439 con·

337 4492 402 4552 cilio
415 4491 574 4566 imperiali,
590 4492 653 4550 sine
666 4489 755 4563 ipsius
770 4505 890 4548 assensu
903 4487 990 4548 finem
1008 4490 1135 4548 canabei
1150 4503 1209 4545 uon
1223 4492 1339 4561 queant,
1354 4501 1406 4545 nes
1420 4486 1511 4544 humi-

338 4598 405 4658 liter
417 4613 525 4672 regare
540 4601 574 4656 ut
582 4596 619 4655 D.
630 4596 659 4654 S.
675 4612 729 4654 uos
745 4599 774 4654 et
789 4595 867 4670 apud
878 4595 1057 4669 imperialem
1069 4594 1249 4666 maiestatem
1264 4607 1400 4652 excusare
1415 4595 1445 4650 et
1459 4606 1513 4664 pro

338 4701 421 4764 nobis
435 4703 615 4763 intercedere
635 4702 813 4777 dignaretur.
851 4700 887 4759 Id
901 4700 926 4758 si
947 4715 1004 4773 qua
1018 4700 1048 4756 iu
1063 4714 1095 4757 re
1110 4699 1270 4773 promereri
1285 4698 1439 4773 pessimus,
1461 4711 1512 4754 nes

340 4812 487 4884 promptos
513 4824 576 4868 esse
596 4813 668 4881 etc,
693 4812 727 4866 ut
748 4805 836 4868 debat
856 4807 888 4865 iu
909 4806 1079 4866 necessitate
1104 4820 1206 4865 sermo.
1244 4803 1291 4864 Ad
1314 4804 1376 4864 haec
1392 4801 1511 4879 presul:
