3700 5692
378 934 444 993 pem
458 917 605 981 nolim
625 916 777 993 prandium
790 931 912 981 sumus.
951 917 1085 981 Ostendit
1103 919 1221 995 insuper
1241 925 1271 981 ct
1285 919 1368 981 nobis
1381 918 1547 997 inscriptio·

377 1039 444 1085 m
457 1026 620 1088 lidcram
637 1040 726 1085 runnu
747 1027 868 1101 propris
886 1026 1024 1101 principis
1045 1026 1138 1087 nosti
1151 1025 1190 1088 sd
1202 1027 1356 1089 Ειιιιιιιιιιι
1370 1026 1549 1101 hispanicrm

378 1132 565 1193 macrian
578 1132 696 1193 caesaris
710 1138 869 1193 amium
907 1132 1064 1191 Thulcrnm
1078 1147 1192 1207 quoquc
1210 1132 1253 1191 illi
1266 1132 1343 1193 dono
1358 1131 1426 1191 dedi
1440 1138 1471 1193 ot
1485 1132 1547 1207 pol·

377 1237 473 1299 licitus
487 1243 542 1312 cst,
555 1252 588 1298 se
602 1252 667 1297 mco
681 1238 796 1297 nomine
809 1236 907 1299 debito
919 1252 985 1297 nrca
999 1234 1093 1315 nitida
1112 1237 1235 1313 principi
1250 1236 1424 1301 picurum
1461 1238 1548 1300 Vole-

377 1343 429 1405 bst
442 1360 512 1405 vcro
525 1344 648 1417 ethiops
661 1342 755 1403 adhuc
768 1343 871 1405 cedern
884 1342 1045 1417 Augustam
1060 1343 1242 1405 contendere.

466 1450 575 1525 Repcri
589 1451 623 1509 in
639 1450 765 1523 hospitio
784 1447 930 1509 dominnm
945 1448 1103 1509 Martinam
1119 1447 1262 1509 Curarem
1282 1462 1347 1509 cnm
1361 1450 1476 1509 Joannc
1491 1446 1550 1508 Gn-

378 1554 471 1615 laotco
485 1570 631 1615 sermones
645 1551 829 1614 conferentem
843 1570 879 1613 co
892 1569 951 1613 unc
965 1554 1064 1628 pransi
1079 1571 1186 1615 sumus.
1223 1556 1258 1615 In
1273 1553 1396 1631 prandio
1410 1556 1549 1625 sermoni·

378 1662 443 1735 bus,
464 1665 498 1719 nt
517 1667 630 1735 tompus
651 1658 777 1731 screbat,
799 1659 910 1719 animos
929 1658 1140 1723 rccrccbamns.
1177 1660 1257 1721 Actis
1276 1660 1378 1735 gratiis
1393 1678 1411 1721 c
1426 1659 1550 1735 prandio

379 1768 475 1827 corios
483 1781 629 1826 sermones
637 1781 693 1840 epo
702 1772 732 1826 et
745 1740 1018 1826 dominusiudimus.
1038 1766 1093 1827 Est
1102 1766 1177 1827 euim
1190 1768 1234 1827 vir
1243 1766 1418 1827 suavissimos
1432 1780 1552 1825 consuo-

378 1871 498 1933 tndinis.
536 1870 672 1931 Ostendit
693 1870 777 1931 nobis
796 1870 946 1944 scripturn,
967 1886 1024 1945 qno
1038 1872 1151 1931 senntui
1165 1870 1321 1933 Wsrdcusi
1334 1870 1372 1932 ob
1385 1871 1553 1931 intricatum

379 1978 494 2039 interim
515 1993 707 2053 responsurus
729 1980 794 2037 eret
814 1981 874 2036 tan
892 1976 970 2050 ipse,
994 1993 1081 2050 qnam
1094 1978 1249 2051 symmicto
1269 1977 1341 2050 ejus.
1379 1976 1492 2037 Habuit
1505 1975 1553 2035 llic

378 2082 524 2145 Martinus
548 2088 660 2157 putrem
679 2084 729 2157 qui
752 2087 784 2142 et
804 2082 867 2156 ipsc
885 2082 1012 2143 ecclesiis
1033 2085 1064 2143 in
1083 2083 1274 2145 ccdcsiastioo
1289 2098 1407 2143 munere
1422 2080 1551 2157 pctus,

379 2187 494 2251 nonriue
506 2188 649 2250 loannem
664 2188 818 2263 Gaesarcm,
833 2189 884 2262 qui
897 2186 972 2249 tilios
987 2204 1039 2249 ser
1052 2188 1157 2249 litteris
1173 2188 1287 2250 irrstitui
1301 2194 1550 2261 convocat-quo·

379 2309 444 2355 rura
462 2295 590 2369 quinque
607 2294 732 2355 ministri
751 2295 832 2356 uerbi
853 2301 938 2369 sunt,
961 2298 1059 2355 sextus
1081 2294 1143 2355 ludi
1164 2293 1329 2355 moderator
1350 2296 1380 2354 in
1403 2292 1552 2367 Anspcch.

379 2399 475 2463 Fuere
489 2415 560 2459 vcro
574 2397 680 2461 fretrus
694 2401 823 2473 germani
838 2416 950 2461 novcm.
988 2401 1028 2460 Et
1041 2400 1083 2460 itc
1103 2400 1224 2461 invicem
1238 2400 1408 2461 contulimus
1431 2400 1469 2463 dc
1484 2414 1551 2460 ccu-

379 2506 420 2564 sis
434 2506 582 2580 religionis
597 2510 630 2565 ut
644 2505 795 2579 utriusqus
808 2507 921 2565 unimus
935 2506 1025 2579 probe
1039 2506 1198 2582 explicatus
1211 2505 1258 2567 sit.
1291 2504 1422 2567 Tcndcur
1436 2502 1553 2568 cossam

378 2610 436 2672 deo
449 2611 628 2673 comittcntcs
643 2627 716 2686 carn,
732 2612 989 2686 purpurisso,
1014 2611 1169 2671 amicitiam
1187 2610 1330 2671 inivimus.
1368 2610 1552 2686 Stipendium

381 2718 444 2793 cius
458 2716 514 2782 init
527 2734 622 2779 annuc
636 2714 739 2777 florcui
753 2722 866 2801 centum
880 2722 1004 2777 monctm
1018 2717 1150 2779 suevicnc.

467 2822 578 2885 Ecdcm
598 2823 727 2885 Mrrtino
742 2804 780 2883 'ct
799 2836 852 2883 sno
872 2824 1026 2896 mmmmm
1047 2829 1164 2885 senatus
1183 2840 1237 2900 pcr
1258 2829 1318 2885 tres
1337 2823 1416 2885 virm
1431 2838 1493 2884 non
1507 2838 1552 2881 so·

380 2930 438 2991 lum
453 2930 534 2991 rcrbi
548 2930 746 3003 ministerium,
769 2930 821 2989 scd
836 2930 962 2990 omnium
982 2946 1096 3005 quoquc
1109 2934 1352 2991 sacramentorum
1366 2927 1552 2991 administra·

378 3038 486 3097 tionem
507 3034 670 3113 prohibuit,
694 3036 895 3111 prccipicntcs
918 3052 1033 3111 quoquc
1056 3052 1094 3095 nc
1114 3035 1237 3111 postico
1254 3036 1392 3110 templum
1414 3040 1553 3108 tunquam

379 3141 515 3219 parrochi
534 3139 771 3215 ingrederentur,
794 3142 901 3203 nullam
921 3156 1036 3203 cansam
1051 3140 1271 3216 protendentes,
1287 3141 1343 3201 nisi
1357 3138 1438 3215 quod
1451 3140 1554 3201 civitas
1621 3157 1626 3163 ·

379 3262 479 3309 eornm
492 3262 553 3309 uon
566 3261 603 3307 cc
616 3250 710 3320 osset,
731 3262 797 3321 quus
817 3251 916 3321 posset
936 3247 1037 3308 coescri
1056 3247 1201 3308 resistere.
1237 3244 1322 3307 (lcrtc
1336 3245 1458 3320 pns‘llns
1481 3260 1554 3320 grex

379 3353 496 3426 cluit,
512 3353 563 3427 qui
576 3352 693 3415 donnino
708 3368 761 3411 noc
779 3352 810 3411 in
824 3352 879 3413 hoc
893 3351 1000 3427 oppido
1017 3352 1120 3427 deluit,
1140 3350 1180 3415 ob
1200 3350 1389 3415 emovendam
1403 3355 1552 3426 pastorem

380 3477 505 3545 murore
520 3458 645 3521 afficiunt
659 3464 691 3521 ct
704 3459 849 3521 Martinus
861 3459 958 3519 animo
972 3458 1128 3521 christiano
1142 3457 1199 3521 fort
1213 3458 1288 3521 hunc
1301 3459 1446 3534 injuriom.

467 3566 547 3627 Noto
560 3564 598 3625 de
611 3563 752 3627 tidelitotc
768 3564 914 3625 (ilnnnrnrli
929 3566 1000 3627 ccci.
1452 3604 1454 3613 .

467 3671 578 3733 weron
598 3670 686 3733 habco
704 3669 819 3731 domum
838 3670 1077 3746 Teutonicorum,
1097 3677 1131 3733 nt
1145 3677 1259 3747 vocent,
1274 3677 1304 3733 et
1318 3670 1483 3731 coenobium
1496 3668 1551 3731 Bo·

378 3774 596 3850 nedictinow
611 3776 658 3837 cui
673 3774 764 3837 obbas
779 3780 894 3851 preest.

468 3881 585 3943 Werdm
605 3879 802 3945 desidentibus
822 3885 852 3941 et
874 3881 1089 3954 expectantibus
1110 3874 1259 3944 Liboricin
1283 3884 1314 3941 et
1332 3879 1495 3945 Adrieuum
1515 3896 1552 3941 en

379 3985 528 4063 inopinum
541 3993 681 4063 cornutus
695 3992 794 4049 nostcr
808 3986 936 4047 Jocnncs
951 4003 969 4045 a
983 3988 1131 4063 Rotlberg
1147 4004 1199 4050 uos
1214 3989 1245 4047 in
1259 3987 1385 4063 hospitio
1399 3988 1483 4061 odiit,
1504 4003 1551 4047 ro·

380 4107 455 4167 gons
469 4097 503 4154 ut
515 4108 579 4153 cum
594 4110 630 4155 eo
644 4108 834 4155 omnarcmus.
857 4091 910 4151 cni
923 4090 993 4151 dnm
1006 4108 1116 4155 morcui
1130 4092 1264 4168 pericu,
1279 4092 1424 4155 lonnnern
1437 4093 1477 4155 ab
1491 4093 1551 4155 Uu-

378 4196 495 4283 pmodt,
510 4198 684 4261 cmtriacum
699 4198 835 4259 baronem
851 4196 881 4257 in
895 4196 997 4259 codem
1012 4199 1137 4274 hospitio
1146 4199 1261 4273 cognati
1275 4185 1446 4259 uostri'cssc
1462 4214 1551 4273 apro

378 4304 486 4382 sinas,
507 4304 558 4379 qni
574 4303 660 4378 jurio
678 4302 857 4379 cognominis
877 4301 923 4362 sui
944 4302 1146 4379 etymologiam
1160 4304 1290 4366 rcritctis
1309 4308 1465 4378 munuum
1479 4318 1552 4377 pruc-

378 4414 460 4469 stans
474 4410 522 4487 (nt
539 4414 585 4471 cat
604 4410 691 4471 homo
709 4408 791 4469 verbi
812 4407 903 4469 divini
924 4412 955 4467 st
975 4408 1092 4483 pictatis
1106 4406 1219 4484 amans)
1240 4407 1459 4472 uunstnrcrts
1474 4407 1552 4485 opud

379 4513 597 4578 Ferrliuandnm
614 4517 815 4586 contraxerat,
838 4513 888 4587 qni
907 4511 947 4572 cb
960 4512 1091 4589 Angusta
1110 4513 1167 4575 huc
1180 4519 1308 4591 venerut,
1331 4531 1389 4589 qno
1403 4516 1460 4578 sibi
1475 4530 1551 4579 oom-

346 4654 350 4663 ·
379 4618 612 4694 postomipio
625 4620 785 4681 Lincenum
797 4617 925 4705 Austrisc
940 4602 1126 4693 seruaturus
1140 4623 1225 4681 erat·
1455 4625 1460 4629 ’

467 4723 546 4783 iloto
569 4721 607 4787 de
629 4723 804 4798 parriordiali
831 4722 897 4785 odio
916 4723 1064 4785 anuum
1088 4724 1247 4801 ricinprnu
1265 4724 1296 4783 in
1315 4724 1554 4800 lucuunosc

376 4824 546 4903 illusum.
570 4828 650 4903 croi
669 4828 1207 4905 cumplurimum-desuetortitadioc
1221 4825 1427 4901 dicem
1441 4833 1552 4901 dssris
