3700 5692
287 929 371 979 core
410 911 469 976 sm
490 913 609 974 inimice·
626 927 663 972 ex
684 911 779 972 unium
798 901 1006 974 ob'olrrismm
1026 913 1184 992 ignovisse,
1207 915 1262 976 hoc
1282 931 1356 993 opus
1377 923 1471 980 estet

291 1037 365 1083 vere
380 1021 486 1082 bonum
496 1026 533 1080 et
546 1019 610 1079 Deo
625 1033 738 1092 quoquc
754 1023 911 1092 acceptum.
943 1019 1010 1080 Non
1031 1025 1078 1079 est
1095 1021 1171 1081 euim
1191 1022 1284 1084 cultus
1303 1023 1360 1084 Dei
1378 1023 1471 1087 solum

290 1127 325 1186 iu
339 1126 449 1202 templo
465 1139 537 1199 esse,
560 1123 666 1185 ibidem
680 1137 766 1185 orare
781 1139 815 1182 ac
835 1139 902 1183 mox
916 1140 935 1184 e
949 1125 1049 1200 sacris,
1070 1126 1207 1200 quicquid
1222 1128 1255 1186 in
1274 1133 1400 1188 mentem
1419 1145 1468 1190 ve·
1517 1149 1520 1154 ·

291 1233 383 1306 uerit,
406 1235 586 1306 perpetrare,
610 1229 693 1303 quasi
703 1229 764 1302 jam
778 1244 868 1301 penso
882 1229 1041 1306 persoluto,
1064 1247 1243 1308 quacunque
1256 1233 1354 1308 libeat,
1373 1233 1470 1297 iecere

291 1339 396 1411 liceat,
420 1337 493 1396 sont
507 1334 604 1395 Judaei
619 1333 791 1394 clamabant:
815 1334 965 1409 Templum
980 1334 1095 1410 domini,
1116 1339 1255 1412 templum
1269 1339 1383 1409 domini,
1398 1345 1469 1400 tem·

289 1443 376 1518 plum
397 1440 512 1515 domini,
536 1456 600 1500 oum
613 1439 693 1500 Deus
712 1439 769 1508 ista
782 1455 841 1498 non
857 1440 994 1514 erigeret,
1016 1441 1151 1500 minitans
1170 1448 1201 1502 et
1213 1449 1331 1504 terreus
1339 1416 1469 1520 eremplo

291 1547 399 1606 ᾱὶιιιιιι
415 1545 508 1606 Siloos
523 1550 576 1604 etc.
614 1544 744 1605 Adduxit
762 1559 876 1617 qnoque
898 1544 927 1604 d.
947 1544 1050 1605 iacobi
1070 1549 1194 1621 apostoli
1212 1549 1306 1608 locum
1324 1549 1426 1610 iacobi
1440 1550 1468 1610 1:

291 1651 409 1724 Religio
428 1667 503 1724 pura
522 1655 553 1710 et
573 1649 755 1712 immaculata
776 1647 855 1724 opud
876 1645 970 1708 Deum
990 1656 1022 1708 et
1041 1656 1157 1726 patrem
1174 1653 1237 1714 brec
1258 1659 1315 1730 est,
1346 1656 1469 1716 invisere

289 1755 441 1832 orphanos
456 1759 486 1814 et
500 1754 602 1816 viduas
616 1756 647 1815 in
661 1739 816 1815 afflictione
831 1771 891 1828 sua,
914 1755 1128 1816 immaculatum
1144 1775 1177 1818 se
1195 1760 1290 1836 ipsum
1303 1777 1419 1822 seruarc
1433 1759 1470 1822 dc

290 1861 411 1924 munde.
450 1860 518 1920 Non
535 1863 579 1936 js,
603 1861 659 1935 ait,
682 1859 777 1928 *cultus
799 1858 863 1920 Deo
883 1860 1002 1934 placens
1022 1866 1080 1936 est,
1104 1864 1231 1936 quotidie
1252 1865 1332 1926 adire
1351 1867 1468 1944 templa,

291 1967 426 2044 quotidie
441 1981 531 2026 sacrm
551 1966 680 2032 concioni
700 1967 855 2040 interesse,
880 1970 909 2024 et
928 1981 995 2024 mox
1014 1964 1097 2026 finita
1119 1969 1257 2030 concione
1277 1971 1369 2032 auditi
1389 1969 1470 2031 uerbi

290 2087 347 2136 nen
361 2071 497 2132 habuisse
511 2071 663 2146 rationem,
678 2087 732 2132 nec
745 2072 916 2132 meminisse
950 2069 1008 2130 Sed
1021 2087 1092 2130 reso
1106 2071 1209 2147 religio
1224 2074 1255 2132 in
1268 2072 1326 2133 tide
1340 2075 1371 2132 iu
1386 2074 1468 2134 Obri-

195 2213 196 2218 κ
291 2185 382 2253 stum,
396 2179 428 2236 in
443 2176 607 2236 innocentia
622 2177 688 2235 vitm
704 2181 734 2236 et
750 2177 871 2236 caritate
886 2157 916 2234 in
930 2177 1090 2250 proximum
1104 2177 1243 2241 consistit.
1266 2176 1349 2238 Dixit
1362 2185 1467 2255 autem

195 2345 196 2354 ,
291 2283 419 2346 Paulum
437 2282 603 2344 noneolnm
617 2281 723 2342 dixisse
742 2280 956 2356 «benedicite«,
985 2281 1039 2340 sed
1052 2281 1171 2357 insuper
1185 2281 1366 2356 prohibuisse
1380 2285 1468 2347 male·

195 2425 197 2448 ι
290 2389 400 2452 dicere
439 2388 531 2460 Quom
545 2387 576 2446 id
590 2403 652 2448 sevo
672 2392 771 2449 nostro
791 2387 879 2446 moris
893 2386 945 2460 sit,
969 2402 1030 2448 rem
1048 2388 1140 2462 ipsam
1157 2387 1269 2446 testari.
1300 2387 1375 2448 llam
1389 2390 1469 2452 ocius

195 2531 197 2565 ι
290 2495 323 2554 in
337 2492 424 2560 nobis
436 2493 622 2554 rebellantem
635 2494 833 2556 execrationes
852 2496 882 2552 et
900 2490 1115 2552 meledictiones
1134 2507 1187 2551 nos
1203 2494 1344 2569 torqueri,
1367 2495 1469 2571 inquit

194 2638 197 2661 ι
293 2601 326 2664 Si
340 2599 401 2660 ullo
415 2603 546 2673 tempore
559 2598 622 2656 boec
637 2596 734 2658 Olmist
755 2597 885 2660 doctrina
902 2597 997 2660 locum
1016 2597 1126 2673 babuit,
1148 2615 1225 2661 nuuc
1243 2604 1470 2674 quammaximo

195 2745 197 2782 2
293 2705 376 2782 apud
390 2704 551 2790 noslocom
564 2702 672 2765 bebere
687 2703 781 2764 debet.
811 2703 887 2764 Nam
905 2719 970 2762 cum
989 2717 1041 2772 nos
1061 2703 1093 2762 iu
1111 2704 1175 2764 baec
1186 2705 1322 2768 incidisse
1339 2713 1471 2784 tempora

194 2851 197 2888 3
292 2809 560 2883 mimedvortimus,
584 2809 739 2884 cogitemus
753 2808 847 2868 Deum
862 2809 946 2868 nobis
965 2809 1028 2872 bec
1045 2809 1209 2884 immisisse,
1232 2817 1266 2872 ut
1285 2828 1339 2872 nos
1356 2810 1469 2888 probet,

195 2955 197 2992 ς
293 2918 374 2982 sicut
386 2919 538 2990 argeutum
551 2915 619 2988 igue
633 2913 781 2988 probetur.
811 2914 887 2988 dom,
911 2912 984 2989 iniit,
1006 2915 1094 2990 longo
1111 2921 1242 2991 tempore
1261 2917 1379 2979 uerbum
1399 2917 1471 2979 diri·

195 3063 196 3092 ι
293 3037 365 3082 num
379 3019 539 3080 eodivimus
555 3024 585 3078 et
599 3017 645 3096 (ut
663 3020 706 3080 ito
724 3017 840 3095 loquar)
862 3021 894 3078 in
914 3019 1019 3080 scholis
1038 3020 1152 3081 litterm
1172 3021 1371 3096 addidicimus,
1394 3037 1471 3085 nuuc

195 3169 196 3174 ι
293 3125 472 3204 preceptori
486 3123 635 3184 reddenda
649 3124 706 3184 erit
725 3125 824 3198 nouo,
847 3129 881 3182 ut
899 3125 995 3198 palam
1012 3123 1078 3200 fiat,
1101 3125 1171 3199 quid
1189 3128 1335 3188 memorio
1353 3127 1471 3189 besem

195 3275 196 3288 .
287 3239 349 3294 etc.
383 3230 470 3292 Certe
484 3245 520 3290 ex
534 3234 638 3292 natura
651 3233 753 3292 nostra
771 3229 843 3290 nibil
861 3243 1021 3304 possumus,
1045 3245 1099 3288 nec
1115 3236 1230 3304 egomet
1240 3232 1305 3306 ipse
1318 3231 1470 3306 quicquam

293 3339 389 3400 valeo.
420 3336 477 3400 Sed
495 3335 563 3396 licet
581 3335 721 3400 hactenus
740 3335 812 3396 nibil
829 3333 996 3408 fecerimus,
1019 3313 1202 3392 emendemus
1223 3335 1309 3395 modo
1329 3336 1419 3394 vitem
1439 3341 1471 3397 et

292 3445 384 3506 hodic
402 3449 514 3504 mature
532 3442 629 3502 adhuc
647 3443 717 3502 satis
736 3446 782 3500 est
800 3446 854 3501 ote.
890 3439 1013 3498 Orontes
1033 3438 1191 3513 domiuum,
1214 3444 1248 3496 ut
1265 3438 1349 3498 nobis
1368 3439 1469 3514 largiri

294 3552 444 3626 dignetur,
468 3563 524 3622 quo
543 3547 684 3609 dbmmus
704 3545 874 3608 benedicere
892 3544 1127 3605 maledicentibus
1145 3543 1228 3603 nobis
1249 3550 1279 3604 et
1300 3542 1470 3605 benefecero

292 3652 535 3731 persequentibus
550 3669 617 3729 nos,
640 3653 728 3727 idque
743 3653 780 3712 ob
791 3650 950 3728 ¹Christum.
980 3649 1082 3708 Anien.

386 3757 415 3818 A
434 3759 572 3818 concione
591 3773 643 3820 nos
662 3758 847 3821 Aoemtensi
866 3756 1053 3817 exhibuimus.
1089 3753 1146 3825 Qui
1164 3767 1228 3812 cum
1248 3751 1379 3814 cubiculo
1400 3765 1469 3828 pro·

293 3864 382 3938 diret,
392 3868 544 3939 conspecto
553 3864 668 3925 Eubulo
681 3865 734 3922 ait:
754 3863 852 3922 «Nihil
861 3861 1116 3934 adhuoabegetnm
1124 3863 1199 3917 est.«
1223 3858 1287 3918 Hac
1301 3857 1395 3919 sulco
1410 3854 1467 3920 odo

293 3985 350 4032 nos
371 3973 486 4028 saturos
506 3968 587 4030 abire
607 3968 745 4043 oportuit.
783 3967 897 4028 Deinde
917 3966 1104 4027 summumne
1123 3965 1255 4024 comitem
1276 3964 1468 4038 wilhelmum,

292 4090 421 4151 cumque
432 4079 466 4148 ,ot
475 4074 653 4148 ientaculum
667 4073 846 4150 sumpsimus.
876 4072 906 4130 Is
926 4072 980 4130 ait:
1003 4069 1195 4132 cunctatione
1210 4069 1266 4130 bac
1285 4084 1357 4144 opus
1376 4073 1471 4131 estet

293 4179 429 4256 exemplo
443 4177 536 4240 viduos
550 4179 627 4238 illius
642 4179 814 4252 evangelice
828 4177 990 4254 improbum
1004 4177 1131 4251 jndicem
1149 4175 1366 4253 importunitate
1385 4173 1470 4253 obrui

293 4290 423 4364 oportet.
455 4283 586 4360 Cepimus
602 4281 719 4358 quidem
738 4282 886 4342 consilium
901 4282 938 4342 dc
957 4282 1174 4358 supplicatione,
1196 4278 1249 4338 sed
1267 4294 1315 4338 res
1335 4266 1468 4341 eventum

291 4391 402 4456 sortita
417 4393 548 4463 nonest,
571 4389 639 4450 licet
652 4388 787 4448 Liberius
802 4388 950 4466 quippiam
963 4385 1173 4460 conscripserit.

387 4496 508 4558 luteum
521 4494 592 4557 illud
606 4511 658 4570 per
672 4492 854 4554 veredarium
866 4494 989 4555 Romam
1007 4489 1164 4551 cursitavit.
1187 4486 1269 4546 Duce
1283 4485 1424 4556 sesuoues
1436 4487 1469 4551 in

292 4602 469 4664 consistorio
484 4599 594 4662 habuit.
624 4600 738 4660 luteres
753 4599 890 4676 temporis
905 4599 988 4660 nobis
1002 4596 1080 4656 adsit
1092 4593 1231 4653 dominus.

387 4705 498 4766 Eadem
513 4705 611 4766 Cesar
625 4709 654 4764 et
673 4704 875 4768 Fordinandus
895 4702 1049 4764 animulam
1068 4697 1181 4772 cognati
1199 4696 1277 4771 regis
1295 4711 1349 4772 per
1367 4695 1467 4756 missa·

293 4814 373 4878 ticos
385 4808 562 4876 menius
582 4809 781 4886 spurgatorio
800 4806 839 4872 ad
859 4807 964 4883 elysios
984 4819 1098 4881 campos
1118 4800 1307 4874 transmutare
1327 4798 1468 4867 iecerunt.
