3700 5692
953 712 1021 781 234

491 901 587 961 Vidua
601 895 746 973 quadam,
762 896 877 957 nomine
890 895 938 957 die
952 896 1142 972 Fortschenn,
1158 897 1189 957 in
1202 910 1338 973 &noceo
1352 897 1564 959 Rndclstadensi

401 1006 470 1066 dum
484 1005 562 1080 apud
576 1011 687 1065 ceteras
701 1004 842 1081 nymphas
856 1005 888 1063 in
900 1003 1002 1065 eodem
1017 1001 1146 1077 cubiculo
1160 1002 1327 1063 dormitaret
1340 1019 1375 1063 ac
1389 1019 1452 1065 earn
1463 1004 1564 1065 sathan

401 1117 486 1173 nocte
499 1115 597 1173 nescio
614 1127 674 1185 quo
687 1114 802 1185 spectro
820 1110 868 1169 sel
885 1109 1117 1169 terriculamento
1136 1112 1276 1183 tentaret,
1299 1108 1402 1167 mulier
1420 1109 1484 1169 hac
1500 1108 1564 1169 nihil

401 1218 585 1291 impurissimi
602 1216 689 1292 hujus
708 1217 827 1291 spiritus
842 1215 1049 1291 phantasmatis
1069 1220 1160 1289 mota,
1184 1214 1312 1289 spiritui:
1336 1212 1436 1273 Omnis
1455 1214 1564 1289 spiritns

401 1324 492 1384 honus
506 1322 607 1384 laudat
620 1322 778 1396 dominum,
793 1321 953 1397 respondit.
990 1320 1038 1380 Ad
1051 1322 1106 1381 hoc
1120 1321 1292 1395 phantasma
1305 1316 1377 1379 illud
1390 1319 1443 1379 ait:
1467 1320 1506 1381 Et
1517 1337 1565 1395 ego

401 1444 524 1504 quoque.
547 1427 655 1488 Mulier
666 1427 755 1502 igitur
765 1428 893 1486 animosa
904 1424 1115 1499 fidenequitiss
1126 1426 1217 1501 ipsius
1226 1425 1389 1499 intelligens
1400 1425 1456 1487 ait:
1471 1426 1566 1487 Mosen

399 1535 537 1597 habemus
552 1540 582 1595 et
596 1533 765 1609 prophetas,
781 1534 899 1606 insuper
914 1531 1072 1605 Christum
1094 1532 1167 1591 nihil
1181 1531 1263 1592 nobis
1277 1546 1343 1591 eum
1356 1532 1479 1591 mortuis
1493 1548 1566 1607 spec-

400 1641 455 1701 tris
469 1644 522 1703 est.
560 1638 600 1699 Et
613 1639 691 1699 dicto
706 1654 808 1712 ocyus,
825 1637 962 1711 quicquid
975 1637 1049 1697 illud
1062 1644 1140 1712 erat,
1155 1653 1261 1712 magno
1276 1652 1340 1696 cum
1355 1637 1471 1711 ejulatn
1480 1642 1509 1698 et
1521 1654 1566 1713 pa

401 1747 472 1808 dore
486 1745 625 1805 discessit.
647 1745 742 1819 Hujus
755 1744 884 1805 mulieris
897 1741 985 1805 fidem
999 1742 1178 1804 obtinendam
1192 1758 1251 1803 non
1264 1743 1373 1817 putari.

489 1869 527 1912 xv
541 1851 613 1911 iulii
626 1850 788 1911 Adriaunm
803 1865 821 1907 a
836 1850 958 1910 Zertzen
973 1865 1036 1909 oum
1050 1850 1154 1909 litteris
1169 1848 1208 1909 ad
1223 1848 1445 1911 Sohonstadium
1461 1853 1490 1909 st
1502 1848 1568 1910 Her-

402 1974 538 2020 mannum
551 1957 678 2017 Neliium
691 1958 723 2017 in
735 1957 858 2031 patriam
872 1957 1041 2017 remisimus.

489 2064 583 2125 Lucas
598 2065 701 2138 sanga
713 2063 840 2124 thaleros
854 2068 920 2123 octo
934 2064 965 2121 in
979 2063 1083 2121 itinere
1098 2062 1257 2137 insumpsit.

488 2168 627 2230 Dedimus
641 2167 771 2229 Aemilia
790 2171 820 2227 et
834 2167 927 2227 Anna
942 2167 1046 2227 Marias
1066 2165 1213 2227 sororibus
1234 2168 1333 2227 uxoris
1353 2166 1477 2240 singulis
1495 2178 1568 2225 eoro-

402 2281 485 2339 uatos
499 2281 560 2335 tres
574 2274 604 2335 in
619 2274 740 2335 annulos
754 2278 784 2334 et
797 2273 947 2335 Fn'derico
962 2276 1061 2351 nepoti
1076 2280 1177 2335 nostro
1191 2291 1209 2333 a
1222 2274 1299 2335 Hoio
1314 2270 1443 2333 florenos
1459 2272 1536 2333 duos.

488 2382 618 2444 Vidimus
637 2382 831 2441 inventarium
849 2388 916 2455 post
935 2386 1056 2441 mortem
1071 2382 1164 2441 soceri
1183 2380 1275 2441 noshi
1289 2381 1346 2455 pia
1364 2380 1510 2439 memoria
1523 2393 1569 2452 per

399 2488 544 2551 notarium
554 2486 770 2575 jnssndoannis
779 2487 923 2548 Friderici
936 2487 1017 2547 ducis
1031 2488 1164 2547 Senoniae
1178 2491 1208 2547 et
1222 2486 1354 2545 electoris
1368 2482 1496 2545 fideliter
1509 2500 1569 2545 oon·

399 2596 550 2669 scriptmn‚
571 2594 763 2653 continentem
781 2593 918 2667 quioquid
937 2592 1121 2667 supellectilis
1143 2593 1173 2653 in
1190 2608 1258 2653 arco
1271 2590 1401 2651 Arnaad
1425 2598 1457 2653 et
1477 2590 1571 2654 celans

400 2700 465 2761 aliis
479 2699 590 2772 aliquot
604 2704 671 2774 post
684 2714 716 2758 se
730 2699 897 2773 reliquerat.

310 2882 313 2885 ῃ
489 2804 712 2865 EademDraco
735 2807 914 2880 exepistola
936 2806 1401 2879 adRom.cap.6concionntus
1426 2810 1572 2878 estsuper

400 2912 462 2973 hac
477 2912 579 2972 vebs:
602 2910 849 2985 Quemadmodum
862 2910 1026 2985 prebeatis
1040 2912 1166 2973 membra
1179 2916 1277 2973 vestra
1288 2928 1374 2973 serva
1385 2908 1570 2971 immundiciei

399 3024 431 3079 et
444 3018 590 3092 iniquitati
603 3024 656 3077 eto.
672 3033 763 3091 usque
778 3016 816 3078 od
830 3015 917 3077 finem
932 3017 1060 3092 ejusdem
1077 3018 1189 3094 capitis.
1213 3018 1325 3079 Deinde
1339 3017 1477 3077 recitarit
1491 3032 1569 3076 enan·

399 3124 504 3199 gelium
518 3140 555 3184 ex
570 3140 633 3198 cap.
650 3124 792 3199 thimei,
816 3124 936 3184 scilieet:
959 3125 994 3183 In
1010 3123 1110 3185 diehm
1130 3124 1200 3199 illis,
1224 3140 1289 3184 cum
1307 3121 1394 3185 turha
1409 3123 1450 3185 ad
1465 3120 1571 3183 modum

398 3230 489 3291 multa
503 3235 589 3306 esset,
605 3231 769 3304 etreliqua.
808 3231 901 3291 iussit
915 3234 1010 3290 autom
1025 3230 1203 3303 potissimum
1221 3232 1253 3290 in
1266 3229 1323 3290 hoc
1342 3230 1495 3306 evaugelio
1509 3243 1569 3287 oon-

401 3336 525 3401 siderari
539 3333 663 3396 fructum
677 3336 770 3397 turba
790 3336 970 3411 sequentium
985 3332 1129 3397 Christum
1149 3353 1165 3396 e
1180 3342 1240 3397 tam
1258 3334 1416 3411 longinquo
1432 3334 1512 3395 nulla
1523 3332 1569 3393 ha·

399 3442 461 3503 hita
476 3443 592 3502 ratione
605 3443 708 3517 umus,
724 3447 754 3502 et
768 3442 847 3517 quod
860 3442 905 3517 iis,
920 3442 970 3515 qui
979 3458 1010 3501 se
1020 3443 1061 3501 ita
1071 3440 1185 3503 Christo
1196 3444 1373 3517 permittunt,
1389 3441 1463 3501 nihil
1476 3438 1568 3499 deerit.

399 3549 472 3608 Item
487 3548 525 3607 de
539 3548 664 3622 genuina
679 3546 786 3608 christi
803 3564 875 3623 erga
895 3564 963 3608 suos
982 3549 1178 3611 misericordia
1193 3555 1247 3609 etc.
1284 3551 1358 3611 Item
1372 3548 1453 3621 quod
1474 3563 1509 3607 en
1522 3544 1571 3605 hoo

399 3653 549 3729 esmgdio
562 3652 720 3713 remedium
734 3659 835 3713 contra
849 3654 966 3714 nimiam
984 3655 1077 3714 victus
1092 3655 1328 3729 sollicitudinem,
1349 3654 1460 3715 ventris
1480 3666 1569 3711 curam

400 3763 430 3819 et
443 3756 551 3819 ioedam
570 3760 721 3820 avaritiam
742 3775 919 3833 caperemus.
957 3759 1068 3820 Possim
1087 3761 1118 3819 in
1137 3761 1192 3821 hoc
1212 3762 1342 3837 exempla
1362 3766 1527 3821 sanctorum
1539 3772 1569 3815 ex

399 3865 543 3940 scriptum
564 3864 709 3925 adducens
731 3870 761 3925 et
780 3882 893 3927 omnem
915 3865 1067 3927 lectionem
1087 3867 1229 3942 evangelii
1243 3868 1273 3927 in
1296 3866 1443 3927 doctrinas
1467 3868 1566 3938 septem

399 3969 510 4043 divisit,
531 3986 567 4041 ac
580 3971 706 4045 singulas
722 3971 867 4033 domnnas
884 3988 938 4033 sno
953 3971 1055 4033 ordine
1071 3971 1287 4045 diligentissime
1298 3972 1340 4033 oh
1355 3972 1455 4033 oculos
1470 3968 1567 4045 posuit.

487 4074 516 4134 A
537 4075 675 4136 concione
701 4093 760 4135 non
789 4082 940 4151 expectato
968 4077 1090 4153 prandio
1113 4079 1316 4152 assumpsimus
1339 4076 1568 4153 christophorum

399 4177 513 4256 Zyrer¹
534 4177 634 4241 hahis
648 4180 802 4243 Galactecs
822 4188 853 4242 et
866 4182 974 4242 Gomon
991 4188 1021 4243 et
1034 4184 1197 4243 conscensis
1217 4185 1299 4257 aquis
1318 4188 1398 4243 recta
1412 4180 1567 4243 Blauckeu·

357 4310 360 4316 ·
399 4287 474 4366 burg
488 4288 611 4364 peh'mus
625 4288 769 4350 mmmmm
783 4293 1020 4363 pertranseuntes
1035 4304 1070 4348 ac
1083 4292 1208 4349 montem
1223 4290 1269 4349 cui
1284 4304 1389 4351 nomeu
1404 4288 1458 4349 der
1473 4284 1568 4361 Sylher

399 4392 509 4469 Berck‚·
527 4395 598 4453 olim
610 4393 727 4453 minans
741 4394 857 4469 argenti
875 4391 1030 4469 famosum,
1053 4395 1247 4455 nemusculum
1267 4412 1381 4470 qnoque
1401 4395 1455 4455 der
1468 4393 1568 4466 Leger-

399 4497 500 4573 ualdt,
528 4514 563 4558 ao
585 4498 701 4558 tandem
724 4498 990 4574 Schwartnhnrgam
1012 4500 1211 4576 pervenimus,
1236 4500 1457 4561 vetustissimam
1480 4510 1568 4559 arcem

399 4620 488 4679 super
500 4604 625 4679 abrupto
637 4605 744 4665 montis
755 4610 957 4681 semunciam,
973 4605 1099 4683 undique
1110 4607 1190 4681 jugis
1202 4608 1340 4667 montium
1352 4602 1566 4682 superbientem.

978 4741 995 4778 *

478 4828 491 4873 1
510 4823 612 4891 Lyreri
632 4824 745 4879 nauus
