3700 5692
868 789 931 865 155

304 983 352 1045 vel
374 981 533 1056 supercilia
552 980 665 1054 erigere
694 977 849 1054 debebant,
878 981 989 1041 etiamsi
1015 986 1162 1057 praecepta
1189 978 1295 1041 Christi
1321 982 1480 1058 servarent,

300 1088 388 1163 Juxta
401 1085 490 1146 illud:
513 1084 584 1144 (lum
602 1081 727 1143 feceritis
746 1085 842 1144 cmuie
860 1098 925 1158 que
945 1085 1083 1145 debuistis
1103 1083 1211 1165 fecere,
1235 1085 1321 1145 dicite
1340 1090 1417 1149 servi
1435 1089 1479 1147 ln·

303 1192 393 1252 utiles
408 1206 517 1250 sumus.
547 1190 619 1249 Esto
634 1190 710 1248 enim
725 1186 801 1263 quod
815 1188 903 1248 umus
917 1190 1000 1249 amici
1015 1194 1045 1249 et
1058 1190 1163 1251 ιιιιιιι
1178 1190 1294 1265 Christi,
1310 1197 1480 1251 tamennon

303 1312 404 1356 sumus
418 1301 524 1356 nutura
537 1292 599 1368 filii,
622 1293 697 1353 sicut
709 1293 735 1352 is
749 1298 802 1367 est,
827 1294 877 1366 qui
892 1300 937 1353 est
950 1276 1157 1369 primogenitus
1170 1295 1255 1369 patri,
1275 1310 1376 1354 verum
1390 1294 1479 1371 adop

303 1400 367 1460 ticii
380 1414 487 1458 sumus.
518 1396 599 1457 Deus
613 1397 663 1472 cui
677 1413 729 1456 nos
744 1398 831 1457 ducet
843 1414 899 1471 pro
917 1396 994 1474 filiis,
1017 1402 1042 1459 si
1057 1400 1164 1459 Christi
1183 1406 1328 1473 precepta
1347 1400 1481 1460 observa·

303 1520 378 1578 mus,
403 1504 429 1562 si
443 1507 530 1562 noctu
548 1502 656 1575 dinque
674 1502 706 1561 in
724 1502 780 1561 hoc
797 1501 892 1575 ipsum
910 1504 1057 1580 instemus,
1081 1504 1162 1564 nobis
1182 1510 1278 1564 autem
1295 1503 1341 1563 his
1359 1520 1419 1563 non
1438 1505 1481 1563 ita

305 1606 498 1682 blandiamur,
522 1612 565 1681 ut,
588 1605 688 1666 relicto
702 1604 792 1664 verbo
807 1611 837 1666 et
850 1606 1020 1667 intermissis
1035 1606 1187 1683 preceptis
1202 1608 1317 1683 Christi,
1340 1606 1409 1667 belli
1427 1624 1479 1667 no·
1503 1608 1504 1613 ’
1576 1686 1581 1702 ‚

296 1711 351 1771 ’bis
370 1711 501 1771 homines
521 1710 684 1784 videamur,
708 1714 741 1768 nt
760 1709 822 1769 nec
843 1712 1078 1773 christianissime
1101 1717 1131 1773 et
1151 1712 1311 1772 doctissime
1332 1712 1481 1771 Masculus

304 1817 494 1876 concionatus
515 1819 559 1873 est
578 1818 633 1873 etc.
668 1812 716 1873 Ad
734 1813 812 1874 idem
832 1817 955 1891 exempli
973 1816 1105 1877 hortatus
1125 1821 1168 1876 cst
1188 1833 1301 1891 qnoque
1320 1832 1431 1892 servos,
1454 1819 1480 1876 sl

304 1936 365 1995 qus
378 1918 511 1980 dominos
525 1917 734 1979 commodiores
748 1919 826 1979 necti
838 1917 956 1995 inerint,
980 1921 1028 1994 qui
1044 1936 1093 1981 eos
1107 1922 1156 1994 pio
1170 1921 1264 1981 animo
1285 1925 1419 1994 ιιιιιιιιι,
1443 1936 1480 1981 ne

303 2040 374 2085 mox
395 2040 433 2084 ex
454 2024 509 2083 hoc
529 2022 699 2096 superbiunt
718 2024 898 2097 seginutique
918 2024 1112 2084 recalcitrent.
1157 2024 1229 2083 Item
1250 2022 1379 2083 dominos
1397 2026 1481 2098 juxta

304 2134 483 2206 preceptum
504 2128 589 2188 Pauli
610 2128 743 2187 hortatum
765 2132 823 2200 est,
847 2142 885 2186 ne
906 2128 997 2187 servis
1019 2134 1052 2187 ιι
1072 2129 1158 2187 mutis
1181 2128 1330 2201 mancipiis
1351 2132 1479 2202 utentur,

303 2234 359 2294 scd
371 2233 555 2292 meminerint
568 2237 600 2292 et
616 2248 649 2292 se
669 2232 813 2292 dominnm
831 2232 863 2290 in
882 2234 964 2291 coelis
982 2232 1100 2292 habere.
1130 2234 1204 2292 Item
1223 2232 1320 2291 multis
1334 2233 1371 2292 do
1385 2248 1421 2292 eo
1435 2231 1478 2291 di·

305 2340 360 2414 xit,
384 2337 463 2411 qnod
477 2337 556 2396 Deus
570 2337 626 2397 cit:
651 2336 707 2410 Qui
722 2353 821 2397 servus
836 2352 895 2397 non
908 2337 972 2412 scit,
996 2336 1065 2411 qnid
1079 2334 1166 2397 faciet
1179 2338 1310 2397 dominus
1324 2337 1395 2411 eJns.
1424 2335 1480 2395 Hic

305 2457 411 2501 munus
425 2438 502 2516 frugi
515 2442 593 2501 servi
607 2457 670 2501 esse
684 2441 845 2517 descripsit,
868 2440 993 2501 fideliter
1006 2442 1078 2501 berc
1093 2456 1144 2500 suo
1158 2442 1308 2515 inservire,
1327 2440 1479 2514 preceptis

304 2548 368 2621 eins
382 2544 511 2620 obedire,
534 2560 594 2605 non
608 2546 752 2605 curiosum
769 2562 833 2606 esse
853 2562 907 2607 nec
926 2545 995 2619 quid
1015 2547 1145 2605 dominus
1164 2562 1231 2605 suus
1251 2551 1320 2619 aget
1333 2542 1479 2617 inquirere

304 2655 361 2710 etc.
392 2648 556 2709 Amicorum
570 2655 667 2709 sutem
681 2651 767 2725 longe
781 2650 867 2709 uliam
882 2666 945 2709 esse
960 2652 1112 2709 rationem.
1143 2650 1218 2709 Nam
1237 2649 1339 2709 horum
1358 2651 1481 2708 interest

304 2754 384 2815 iaetu
397 2756 552 2815 amicorum
566 2756 641 2814 scire
657 2760 710 2815 etc.
741 2756 814 2815 Item
829 2756 880 2829 qni
892 2753 946 2814 liat
959 2759 992 2813 ut
1007 2754 1137 2813 Christus
1158 2753 1276 2814 dixerit:
1299 2753 1480 2825 Omniaque

304 2858 404 2919 audiui
416 2874 436 2919 a
449 2865 533 2934 patre
548 2874 622 2934 mco,
644 2859 817 2919 denunciari
835 2860 925 2934 uobis,
949 2875 1013 2917 cum
1033 2860 1169 2932 scriptum
1187 2860 1226 2919 sit
1239 2840 1333 2934 ipsum
1351 2864 1418 2933 post
1431 2872 1478 2917 re·

303 2965 513 3024 surrectionem
528 2963 675 3039 discipulis
689 2965 837 3039 apernisse
853 2980 977 3038 sensum,
1001 2966 1034 3022 ut
1052 2969 1241 3039 agnoscerent
1259 2963 1427 3038 scripturas,
1450 2966 1481 3020 et

304 3066 430 3127 antehac
444 3069 531 3128 etium
546 3068 663 3127 dixerit:
687 3068 812 3143 Spiritus
831 3068 882 3126 ille
896 3067 1060 3141 paracletus
1076 3068 1190 3128 docebit
1208 3082 1260 3128 uos
1274 3068 1371 3126 amnis
1384 3071 1415 3125 et
1428 3082 1480 3126 vos

303 3173 337 3231 in
350 3187 463 3231 omnem
476 3173 627 3231 redtstem
645 3169 770 3230 inducet
808 3170 893 3228 Hunc
911 3171 1018 3229 nodum
1036 3172 1080 3229 ita
1098 3172 1237 3247 dissolvit,
1261 3173 1407 3231 dominnm
1421 3186 1481 3231 non

304 3276 404 3335 omniu
425 3258 572 3351 apernisse
595 3276 756 3350 discipulis,
780 3273 832 3333 sed
851 3290 887 3333 ee
908 3273 1062 3350 duntaxat,
1086 3290 1149 3348 quse
1170 3276 1227 3333 illis
1249 3274 1420 3333 sufficientis
1441 3270 1480 3333 ad

304 3380 430 3439 sulutem
444 3386 541 3440 essent
554 3384 585 3439 et
602 3383 811 3440 concernerent
828 3378 1005 3438 voluntatem
1024 3378 1130 3454 petris,
1154 3378 1190 3437 de
1210 3378 1409 3438 incarnatione
1427 3376 1480 3437 lilii

304 3490 337 3543 et
349 3484 549 3558 redemptione
569 3484 669 3543 salutm
690 3488 745 3544 etc.
775 3482 930 3557 Apostolos
949 3498 1064 3557 quoque
1084 3498 1141 3543 non
1162 3484 1258 3543 omnia
1276 3483 1404 3556 scivisse,
1427 3480 1479 3541 sed

306 3604 344 3648 ea
358 3605 424 3662 qne
437 3589 477 3649 sd
490 3604 562 3663 opus
576 3587 783 3662 redemptionis
801 3585 939 3647 lucerent.
977 3588 1053 3647 Nam
1072 3603 1138 3646 cum
1157 3588 1369 3660 interrogarent
1387 3585 1478 3645 domi·

305 3708 389 3752 num:
413 3692 489 3752 Num
508 3694 539 3752 in
556 3698 687 3767 tempore
704 3691 760 3750 hoc
779 3691 913 3751 restitues
931 3707 1052 3767 regnum
1073 3690 1184 3752 Isreel?
1206 3705 1376 3764 responsum
1397 3706 1478 3751 ecce·
1534 3704 1538 3713 ·

304 3800 426 3872 perunt:
449 3797 516 3857 Non
531 3803 576 3857 est
589 3801 716 3856 vestrum
731 3812 816 3855 nosse
830 3799 943 3870 tempus
958 3802 988 3856 et
1001 3796 1139 3856 articulos
1152 3801 1321 3869 temporum.
1351 3794 1480 3856 Annote·

304 3902 348 3960 vit
362 3906 393 3960 et
405 3899 453 3959 hic
467 3901 504 3961 de
518 3900 619 3960 morbo
638 3900 812 3960 curiositatis
831 3900 973 3977 humane,
997 3917 1062 3975 que
1080 3899 1142 3960 fere
1161 3899 1291 3960 omnibns
1309 3901 1480 3961 mortalibus

302 4005 347 4065 alt
366 4004 529 4081 peculiaris,
551 4006 620 4079 qnia
637 4004 717 4078 quod
736 4020 772 4064 ee
791 4021 914 4079 quornm
927 4007 1050 4065 interest
1064 4014 1164 4066 nostra
1177 4006 1251 4065 scire
1265 4007 1478 4080 contemnimus,

305 4114 338 4170 et
351 4108 458 4184 omnia,
481 4126 547 4183 qne
565 4126 655 4183 snpre
674 4115 822 4185 nossent,
844 4110 967 4169 maxims
986 4110 1060 4170 scire
1083 4126 1199 4171 avemus
1214 4112 1261 4171 vel
1281 4110 1359 4171 uvidi
1372 4126 1478 4184 sumus,

304 4212 387 4289 quod
400 4220 431 4274 et
448 4212 595 4287 discipulis
615 4214 723 4273 domini
744 4213 881 4274 eccidisse
902 4213 1030 4289 dicebat,
1054 4216 1103 4289 qui
1122 4231 1224 4289 perum
1243 4215 1358 4275 solliciti
1377 4214 1414 4273 dc
1432 4215 1478 4289 iis,

305 4336 373 4394 qne
392 4317 525 4378 dominus
545 4318 696 4394 docueruut,
727 4318 939 4378 contentionem
961 4317 999 4378 de
1018 4320 1146 4394 primatu
1165 4318 1293 4393 subiere,
1317 4322 1479 4391 querentes

303 4424 384 4483 inter
397 4440 439 4499 se,
462 4427 593 4497 quisnam
607 4424 639 4483 in
652 4438 741 4498 regno
756 4422 893 4481 coelorum
910 4423 1004 4495 major
1024 4419 1138 4483 iuturus
1158 4422 1206 4481 sit.
1242 4420 1299 4481 Sed
1319 4422 1480 4482 retulerunt

304 4528 337 4589 lui
350 4543 521 4602 responsum
540 4545 558 4587 a
576 4527 713 4602 domino,
731 4542 788 4601 quo
808 4527 879 4587 satis
898 4543 999 4587 eorum
1018 4526 1198 4586 ambitiosam
1218 4526 1411 4585 curiositatem
1430 4542 1478 4585 re·

305 4633 461 4709 dsrgutm
474 4637 596 4693 constet.
626 4632 667 4691 Ει
679 4636 746 4706 post
758 4634 850 4693 multa
869 4633 924 4692 hac
943 4628 1079 4691 coronide
1098 4630 1263 4689 concionem
1283 4630 1394 4690 clausit
1424 4630 1478 4689 Ni·

304 4735 349 4797 hil
362 4752 427 4797 esse
441 4735 585 4797 ιιιιίιιιιι
599 4735 725 4811 verbum,
748 4737 803 4797 nisi
817 4738 895 4797 intus
910 4737 941 4795 in
956 4737 1050 4796 animo
1066 4733 1182 4808 spiritus
1198 4750 1221 4815 s.
1237 4734 1331 4808 gratia
1350 4732 1479 4795 nuditum

305 4846 422 4918 vegetet
443 4849 473 4903 ιι
494 4840 597 4903 ιοιιιι.
635 4839 764 4902 Adduxit
785 4846 816 4901 et
837 4841 997 4916 exemplum
1020 4839 1147 4914 deiparae
1170 4838 1303 4916 viginis,
1327 4856 1391 4915 quse
1414 4854 1479 4901 cum
