3700 5692
847 754 919 823 205·

299 940 480 1017 evangelium
494 940 648 1016 recipiunt,
664 940 706 999 ita
721 938 878 1013 recipiunt,
902 943 935 996 ut
949 942 1044 997 temen
1063 936 1178 997 interim
1190 936 1302 997 nulline
1317 936 1475 1004 commodis

297 1049 368 1107 tetis
383 1062 484 1107 carere
498 1046 604 1119 uelint*
625 1044 703 1119 quod
718 1049 748 1103 et
762 1060 838 1103 nunc
851 1046 1050 1118 persecutione
1065 1044 1225 1118 ingruente
1236 1042 1375 1103 uidemus.
1398 1043 1475 1103 Nuln

297 1153 436 1227 lus-enim
455 1154 618 1228 principum
638 1157 689 1212 ant
712 1167 883 1227 magnorum
900 1166 1050 1224 procerum
1074 1154 1133 1225 est,
1158 1150 1208 1224 qui
1226 1148 1378 1222 ingratiam
1392 1149 1479 1211 serbi·

297 1259 346 1318 vel
369 1260 518 1317 mum
542 1258 611 1332 quid
632 1275 717 1331 opum
737 1274 854 1319 enarum
873 1256 943 1318 velit
962 1256 1109 1330 negligere
1124 1256 1171 1316 vel
1186 1254 1357 1327 relinquere.
1393 1246 1472 1313 Etsi

296 1364 375 1425 torte
396 1364 565 1438 regiuncula
585 1364 683 1437 abque
705 1362 894 1437 relinquendo
913 1368 943 1423 et
962 1363 1125 1437 voluptates
1146 1362 1183 1423 ob
1206 1360 1384 1435 euangelium
1403 1376 1473 1423 oon·

296 1468 471 1544 temnendae,
487 1485 544 1528 noo
561 1470 651 1528 solum
667 1468 755 1529 verbo
769 1470 924 1545 evangelii,
942 1467 1053 1529 sedvel
1069 1467 1261 1542 onmemipso
1275 1468 1410 1538 intutum
1426 1483 1471 1527 re-

295 1576 465 1636 nunciaturi
479 1576 545 1633 sint.
984 1549 987 1560 ¹

387 1681 512 1740 Domine
526 1680 599 1739 lesu
614 1678 743 1752 elmete,
765 1681 815 1753 qui
834 1679 892 1738 tuis
912 1679 1011 1738 mundi
1035 1680 1131 1740 odium
1151 1685 1181 1739 et
1201 1678 1429 1754 persecutionem
1442 1676 1472 1736 in

295 1789 376 1861 ipsos
391 1784 552 1861 predicere
572 1785 689 1845 voluisti
713 1791 745 1845 et
764 1785 861 1845 multis
882 1785 975 1844 modis
997 1786 1106 1845 ammos
1120 1800 1220 1845 eorum
1235 1781 1412 1859 confortssti,
1436 1792 1473 1842 en

295 1893 430 1967 domine,
451 1891 600 1950 inueniunt
622 1906 698 1949 nunc
716 1906 769 1950 nos
788 1890 849 1949 boec
863 1891 938 1950 mele
955 1892 1050 1949 omnia
1066 1896 1096 1950 et
1116 1891 1188 1950 nibil
1203 1904 1354 1965 superesse
1368 1888 1473 1962 reliqui

294 1998 425 2077 sistetur,¹
443 1997 498 2055 nisi
514 1996 591 2070 quod
605 1997 800 2070 pollicituses,
815 2001 847 2056 te
860 2007 1078 2071 permansurum
1088 1994 1236 2055 nobiscum
1250 1994 1393 2068 usquead
1406 2008 1473 2053 oon·

294 2104 517 2164 summationem
536 2102 634 2161 seculi.
663 2103 755 2177 Igitur
776 2102 826 2176 da,
851 2106 884 2161 ut
898 2102 1039 2177 possimus
1063 2102 1222 2161 intentione
1236 2101 1293 2160 hoc
1305 2098 1473 2175 memmimus

294 2210 465 2282 subsistere,
483 2213 583 2281 quote
599 2210 732 2269 veniente
745 2207 872 2267 levemus
886 2207 983 2283 capite
1004 2206 1104 2267 nost'ra
1119 2212 1149 2267 et
1164 2205 1200 2265 de
1215 2210 1266 2266 tus
1280 2205 1406 2279 gratuita
1420 2204 1471 2265 bo·

294 2316 391 2374 nitate
421 2328 556 2373 eoronam
585 2314 684 2388 gloriae
712 2329 777 2372 cum
798 2314 929 2374 omnibus
950 2313 1048 2373 electis
1073 2312 1130 2371 tuis
1153 2314 1342 2385 reportemus.
1381 2310 1473 2384 quue

297 2424 423 2496 propter
450 2435 588 2478 summam
609 2426 688 2480 tuem
714 2419 887 2493 bonitatem,
911 2419 1038 2494 domine,
1063 2418 1193 2478 unicum
1213 2422 1299 2491 petre
1319 2420 1350 2475 et
1373 2410 1472 2479 sancto

294 2528 404 2600 spiritu
418 2521 521 2599 honor,
538 2527 602 2585 leus
617 2527 655 2585 sit
670 2526 816 2601 etgloris.
841 2524 943 2584 Amen.

386 2631 500 2693 Eadem
518 2634 599 2692 venit
611 2632 742 2691 loannes
763 2631 846 2692 nobis
865 2629 1020 2704 apedibus
1035 2646 1053 2689 a
1067 2628 1180 2689 Joanne
1202 2627 1339 2689 Gelseteo
1355 2631 1385 2687 et
1398 2626 1472 2687 Her·

296 2753 405 2797 manno
418 2737 514 2797 Nellio
534 2737 617 2797 nobis
637 2738 750 2797 litteras
770 2735 919 2812 atterens,
943 2734 1153 2823 boloniensium
1175 2740 1205 2794 ot
1223 2732 1474 2799 monachornmln

296 2844 466 2904 comitatum
485 2848 616 2903 nostrum
636 2841 836 2903 infestationes
860 2847 1074 2903 concernentes.
1112 2840 1225 2902 Detulit
1248 2844 1277 2900 et
1305 2840 1415 2901 litteras
1436 2838 1473 2898 ob

300 2950 413 3010 medem
427 2948 467 3009 ad
481 2949 638 3008 Liberium.

388 3054 469 3114 Noto
491 3058 540 3127 qut
562 3052 647 3113 fieret
673 3055 750 3127 quod
767 3054 958 3115 JHermannus
984 3054 1054 3115 nihil
1082 3053 1118 3115 de
1137 3054 1259 3128 pecnnia
1282 3051 1471 3127 rescripserit.

300 3162 445 3236 Nepotem
460 3164 591 3220 nostrum
605 3159 767 3219 Samuelem
781 3160 908 3220 nondum
923 3174 1037 3233 quoqne
1053 3159 1231 3219 Waldeciam
1247 3158 1399 3234 appulisse.
1466 3222 1469 3228 ,

389 3266 521 3326 indimus
535 3264 636 3325 eadem
651 3264 767 3326 Werdae
784 3264 897 3324 domum
912 3263 1031 3323 Antonii
1041 3264 1166 3338 Fuggeri
1182 3266 1260 3322 intra
1274 3264 1381 3323 moenia
1396 3262 1474 3321 urbis

299 3369 479 3448 magnarum
498 3388 584 3445 opum
605 3371 827 3432 ostentatrioem.
866 3370 959 3444 Regis
982 3385 1044 3429 esse
1063 3354 1155 3443 possit
1175 3367 1324 3427 habitatio.
1364 3364 1474 3424 Gemini

300 3479 413 3554 aliquot
426 3494 463 3537 er
477 3494 620 3539 marmore
633 3477 774 3551 candido,
799 3493 856 3535 non
872 3482 969 3535 tamen
983 3474 1065 3550 perio
1088 3472 1139 3533 sed
1153 3472 1326 3544 mistatense
1344 3468 1474 3529 tabulate

300 3603 338 3646 ex
352 3586 432 3659 ligno
447 3585 520 3644 varii
536 3584 659 3658 generis,
675 3584 823 3656 laquearia
838 3581 977 3641 deaurato
998 3580 1044 3639 vel
1065 3578 1160 3653 potius
1176 3593 1278 3637 eurum
1293 3573 1360 3637 licto
1375 3574 1471 3633 colore

300 3690 451 3765 ementita,
474 3695 508 3749 ut
529 3689 566 3748 de
586 3689 757 3763 pavimentis
777 3686 885 3747 affabre
899 3686 1023 3761 planatis
1045 3690 1155 3743 mosem
1170 3698 1222 3741 sna
1236 3682 1359 3756 planicie
1374 3693 1481 3753 snper·‘

300 3797 458 3857 bientibus:
480 3795 598 3853 Etcum
612 3793 662 3852 alii
677 3810 713 3853 ex
722 3793 879 3853 virentibus
894 3792 985 3866 prelis
994 3790 1093 3851 hortos
1106 3787 1244 3849 deedalios
1259 3784 1474 3861 megnilbciunt

300 3902 349 3961 bic
368 3898 466 3959 uslere
478 3904 553 3958 erat
570 3898 730 3971 labyrintos
753 3900 783 3957 in
802 3899 965 3973 pavimento
991 3912 1026 3955 ex
1042 3895 1186 3954 asseribus
1201 3893 1303 3979 dolatis
1317 3893 1390 3952 miro
1405 3891 1473 3950 insi·

222 4085 227 4094 .
301 4007 438 4065 nnamine
456 4006 572 4064 structis
591 4002 770 4063 lineamentis
793 4018 846 4076 per
861 4018 948 4077 gyros
962 4000 1180 4073 etmeeendros,
1206 3999 1361 4074 exquibus
1377 3997 1472 4059 deum·

302 4112 407 4172 butam
421 4108 576 4171 difficulter
595 4125 626 4169 se
647 4110 704 4169 nisi
723 4110 896 4168 lineamento
914 4107 1058 4167 transiliat
1078 4085 1304 4180 eruerepotest.
1343 4102 1400 4165 Sed
1419 4102 1476 4169 sint

301 4218 363 4277 seis
379 4215 517 4278 diuitibus
532 4231 617 4289 opes,
641 4216 691 4288 qui
709 4211 786 4273 forte
800 4212 942 4271 civitatem
967 4216 1180 4287 permanentem
1194 4211 1242 4269 hic
1251 4207 1400 4291 *edificare
1415 4212 1474 4267 ste·

301 4326 398 4384 tnunt.
421 4320 495 4381 Inde
508 4320 694 4381 redeuntibus
708 4320 814 4393 hospes
828 4320 1094 4393 noster'eethiopem
1109 4330 1267 4387 cursorem,
1284 4316 1332 4389 qui
1343 4313 1475 4391 Hispano

302 4428 442 4489 custodiae
465 4427 604 4502 principis
627 4424 776 4486 Ostiorum
790 4421 926 4498 praeieoto
942 4442 960 4483 a
975 4424 1098 4500 pedibus
1118 4425 1220 4495 seruit,
1240 4424 1408 4493 conspectus
1423 4419 1474 4478 ho÷

303 4534 410 4593 minem
423 4531 461 4592 ed
476 4532 642 4591 sevocavit.
682 4530 770 4603 Quem
790 4530 840 4590 ubi
860 4529 897 4591 de
916 4531 1054 4606 principis
1068 4528 1234 4589 valetudiue
1249 4534 1279 4588 et
1293 4540 1418 4601 quonum
1431 4525 1473 4582 lo·
1528 4526 1531 4535 ‘

303 4654 405 4698 corum
418 4653 495 4698 nnnc
514 4639 712 4696 asservaretur
730 4652 907 4712 rogaremus,
922 4636 1086 4710 respondit:
1110 4634 1169 4694 Sub
1191 4639 1303 4696 noctem
1317 4646 1381 4689 oum
1397 4627 1474 4699 oapi·
1499 4661 1504 4671 ·

302 4749 392 4804 unse
405 4758 469 4804 meo
490 4744 522 4802 in
536 4742 613 4802 Heln
627 4740 784 4803 Suevorum
803 4729 1004 4816 pernoctavit
1030 4740 1064 4797 In
1084 4754 1119 4799 ea
1139 4739 1215 4798 enim
1228 4738 1299 4798 urbe
1313 4731 1476 4806 hispanicus

303 4849 450 4912 morelius
463 4860 523 4911 una
534 4847 795 4925 oumlaedtgravio
807 4862 920 4909 meuses
930 4845 1003 4909 duos
1013 4843 1162 4920 transiget.
1186 4842 1265 4905 inssi
1273 4839 1361 4915 igitur
1375 4832 1474 4893 ethio·
