3700 5692
968 722 1030 787 182

409 916 524 982 rentur,
545 908 627 967 nobis
641 922 691 966 eas
706 903 821 979 legendi
836 908 919 979 copia
935 904 1063 963 daretur.
1102 898 1205 961 Seldns
1224 898 1261 959 de
1281 902 1411 973 tempore
1424 914 1457 957 se
1472 899 1577 972 cogitu-

410 1020 510 1073 turum
522 1012 668 1086 promisit,
688 1010 758 1071 etsi
776 1025 833 1083 qua
851 1008 915 1070 fieri
930 1012 1041 1084 posset,
1063 1022 1095 1065 se
1114 1008 1348 1080 procuraturum,
1370 1008 1404 1061 ut
1417 1002 1579 1077 paucissimi

409 1118 553 1190 adessent,
575 1116 643 1176 dum
663 1115 701 1175 ad
720 1114 809 1188 pedes
824 1114 939 1173 cesaris
953 1112 1179 1188 procumberem.
1226 1108 1282 1180 Da,
1301 1108 1415 1165 domine
1431 1108 1512 1180 deus,
1528 1122 1578 1165 nos

409 1222 463 1282 snb
477 1222 591 1294 potenti
605 1236 692 1279 manu
706 1227 756 1279 tna
770 1219 924 1292 humihnri,
940 1218 1083 1275 hominem
1096 1220 1193 1276 antem
1206 1230 1265 1272 non
1280 1214 1366 1271 aliter
1381 1228 1415 1271 ae
1429 1211 1579 1270 mortalem

407 1327 545 1386 reuereri
572 1324 679 1398 Rediit,
695 1324 876 1398 prohdolor,
899 1321 987 1381 rediit
1001 1318 1209 1393 Aegyptiorum
1224 1315 1365 1376 adoratio.

498 1427 609 1488 Eadem
615 1427 752 1488 Galacteo
767 1436 798 1487 et
805 1426 911 1485 Lindio
926 1426 1111 1497 enmhospitc
1127 1424 1163 1483 de
1177 1439 1264 1481 censu
1278 1418 1482 1481 hebdomadah
1496 1434 1581 1493 agere

408 1533 569 1607 injnnctum
585 1539 638 1592 est
660 1533 701 1590 At
715 1533 820 1606 hospes
834 1531 1072 1590 consultationem
1085 1530 1117 1587 in
1131 1528 1287 1587 crastinum
1301 1526 1394 1599 petiit.

497 1654 537 1696 xx
551 1638 632 1696 Junii
645 1637 793 1695 Musonius
807 1637 881 1695 hora
895 1642 925 1694 et
938 1635 1002 1692 loeo
1017 1633 1162 1693 consuetis
1176 1630 1286 1701 eudem,
1298 1645 1363 1701 qnae
1372 1630 1437 1689 heri
1452 1645 1507 1702 pro
1516 1644 1581 1687 con·

409 1742 491 1800 oione
506 1741 624 1814 legerat,
640 1742 765 1815 repetiit
789 1738 911 1799 Addidit
925 1744 1021 1797 autern
1035 1738 1081 1810 iis,
1103 1751 1167 1808 qnae
1181 1736 1317 1793 hesterno
1332 1733 1379 1791 die
1394 1731 1432 1792 de
1446 1749 1580 1806 persecu-

409 1845 490 1904 tione
505 1844 630 1903 dixerat:
654 1844 766 1916 Judaei,
789 1850 823 1902 ut
844 1844 979 1917 audiatis,
1002 1841 1146 1900 Christum
1166 1839 1311 1915 persecuti
1329 1846 1413 1912 sunt,
1435 1837 1515 1911 quod
1528 1854 1583 1896 non

409 1954 488 2009 esset
501 1965 587 2007 verns
601 1950 732 2008 Messias.
757 1949 864 2008 Gentes
878 1964 948 2007 vero
969 1947 1040 2005 nihil
1063 1950 1208 2005 morantes
1222 1960 1322 2004 verum
1342 1943 1424 2000 illnm
1438 1942 1582 2001 Christum

408 2059 460 2112 aut
474 2052 726 2112 Pseudoehristum
740 2054 862 2127 apostoli
877 2056 906 2111 et
920 2056 1064 2124 martyres
1078 2047 1293 2119 confiterentur,
1314 2046 1366 2105 sed
1380 2048 1493 2119 absque
1509 2046 1583 2107 omni

408 2156 571 2217 differentia
592 2158 755 2230 quicunque
779 2156 894 2215 Christo
908 2156 1025 2214 nomina
1040 2153 1191 2225 dederint,
1214 2157 1421 2245 persequentes
1436 2152 1583 2225 suppliciis

408 2258 567 2320 afficerent.
589 2262 671 2319 Inter
684 2260 966 2332 pseudochristianos
981 2274 1049 2318 vero
1064 2262 1094 2317 et
1109 2258 1194 2316 etiarn
1214 2257 1291 2315 inter
1305 2272 1357 2315 nos
1373 2255 1494 2329 qnidam
1509 2260 1583 2327 sunt,

409 2366 460 2437 qui
480 2364 568 2424 bona.
579 2365 668 2422 animi
689 2365 849 2423 intentione
868 2369 899 2422 et
921 2380 959 2422 ex
978 2368 1040 2421 toto
1060 2362 1147 2421 corde
1166 2362 1336 2419 christiams
1358 2366 1583 2434 persequuntur,

409 2485 469 2531 non
482 2468 520 2527 ob
534 2468 614 2527 eliud
628 2485 714 2541 qnam
729 2469 840 2540 quoda
859 2468 1004 2528 nonnullis
1018 2466 1150 2540 persuasi
1163 2466 1234 2539 sint,
1256 2481 1305 2524 eos
1320 2466 1418 2525 vivere
1434 2471 1465 2523 et
1481 2466 1584 2525 docere

410 2577 512 2631 contra
526 2577 672 2645 receptam
688 2572 848 2631 doctrinam
862 2577 892 2632 et
906 2588 979 2643 eam,
1000 2573 1032 2629 in
1046 2587 1104 2644 qua
1117 2571 1173 2643 ipsi
1187 2569 1301 2629 educati
1322 2574 1351 2628 et
1365 2571 1495 2629 instituti
1510 2574 1583 2643 sunt,

410 2691 445 2735 ac
458 2676 499 2733 sic
513 2690 572 2748 eos,
589 2677 639 2748 qui
654 2677 698 2735 vel
713 2678 866 2750 purissime
882 2678 994 2750 docent,
1011 2676 1088 2748 quod
1102 2675 1263 2749 videantur,
1286 2676 1352 2749 dum
1374 2673 1546 2733 idolatriam
1559 2680 1585 2733 et

410 2778 517 2839 abusus
532 2780 693 2853 corripiunt
712 2796 747 2839 ac
769 2781 911 2839 sinceram
931 2780 1089 2840 doctrinam
1106 2780 1269 2839 restitutam
1283 2780 1410 2852 cupiunt,
1434 2780 1585 2839 ecclesiam

410 2883 582 2957 perturbare
601 2900 710 2942 summe
728 2889 954 2958 persequuntur,
977 2886 1039 2943 zelo
1055 2884 1184 2957 quidem,
1206 2884 1445 2957 quemadmodum
1459 2889 1585 2943 testatur

410 2988 519 3047 Paulus
542 2988 578 3047 de
591 2989 716 3062 ludaeis,
740 2988 792 3048 sed
811 3006 870 3049 non
889 2988 1045 3047 secundum
1064 2988 1219 3047 scientiam.
1256 2988 1311 3047 Est
1333 2993 1430 3047 autem
1446 2994 1478 3047 et
1494 2988 1586 3048 adhuc

410 3092 491 3150 aliud
504 3098 613 3165 praeter
632 3093 687 3151 hoe
705 3099 920 3165 persecutorum
941 3108 1046 3167 genus,
1066 3093 1200 3151 nimirum
1221 3108 1335 3167 eorum,
1357 3093 1406 3165 qui
1422 3108 1454 3151 se
1470 3100 1584 3152 sanctos

410 3194 512 3254 haberi
526 3196 639 3271 volunt,
660 3199 764 3257 ceteris
783 3197 868 3271 longe
889 3198 1061 3258 eruditiores
1082 3204 1112 3257 et
1131 3199 1162 3254 in
1176 3198 1287 3270 magnis
1302 3197 1461 3255 honoribus
1479 3198 1585 3271 degunt

409 3304 439 3357 et
453 3300 503 3373 qni
516 3300 597 3359 lucro
613 3301 755 3360 inhiantes
769 3301 859 3361 verbo
876 3308 1089 3375 cauponantur,
1111 3307 1140 3360 et
1158 3301 1272 3359 tametsi
1293 3302 1384 3375 probe
1398 3308 1584 3375 perspectum

409 3404 553 3477 habeant,
574 3405 751 3479 doctrinam,
774 3423 830 3480 que
845 3406 1027 3481 praedicatur,
1044 3420 1142 3465 sanam
1157 3411 1187 3465 et
1201 3422 1299 3465 veram
1314 3405 1386 3479 esse,
1401 3410 1504 3464 tamen
1520 3407 1584 3480 quia

410 3500 539 3567 ¹ventrem
554 3526 608 3582 pro
624 3511 678 3570 deo
693 3510 801 3568 habent
819 3516 849 3570 et
863 3514 994 3569 metuunt
1013 3526 1050 3568 ue
1073 3510 1142 3582 quid
1156 3511 1202 3569 vel
1215 3510 1372 3569 honoribus
1387 3511 1447 3567 suis
1463 3512 1513 3569 vel
1526 3511 1584 3569 luu-

410 3611 494 3671 dibns
509 3612 630 3672 abcedat
645 3614 729 3689 (nihil
744 3616 819 3673 enim
834 3614 913 3674 aliud
928 3615 981 3674 sub
996 3618 1139 3688 prmtertu
1147 3614 1294 3687 religionis
1309 3612 1456 3688 quarunt)
1472 3615 1505 3672 hi
1519 3631 1582 3688 per·

409 3718 582 3777 tinacissimo
605 3717 671 3778 odio
692 3719 837 3777 Christum
861 3724 890 3777 et
910 3734 978 3777 suos
998 3724 1217 3793 persequuntur,
1240 3718 1339 3791 quales
1353 3716 1475 3777 luerunt
1489 3720 1582 3792 ponti·

408 3806 479 3881 lices
496 3836 532 3879 ac
544 3821 679 3893 pharisaei
693 3828 724 3882 et
737 3824 839 3882 scribae
854 3822 931 3896 apud
945 3822 1077 3895 Judaeos,
1098 3821 1136 3880 ad
1151 3838 1223 3895 quos
1239 3821 1368 3881 Christus
1382 3824 1440 3881 ait:
1465 3825 1519 3883 Vae
1535 3840 1581 3882 vo

409 3922 455 3981 bis
470 3924 572 3982 scriba
588 3942 622 3983 ac
636 3926 782 3999 pharisaei,
800 3928 849 3999 qni
864 3927 917 3985 sub
932 3930 1075 3999 praetextu
1089 3926 1183 4000 longae
1199 3928 1337 3985 orationis
1352 3920 1382 3985 et
1395 3943 1517 4001 precum
1533 3928 1580 3986 do·

408 4042 472 4086 mos
487 4028 638 4087 viduarum
662 4036 691 4088 et
713 4031 888 4103 pupillorum
908 4032 1052 4089 devoratis
1072 4034 1125 4089 eto.
1148 4032 1189 4089 Et
1203 4032 1232 4089 hi
1248 4046 1360 4106 semper
1374 4029 1480 4105 pietati
1499 4048 1582 4092 noeu-

409 4138 478 4190 runt
492 4131 578 4190 etiam
587 4133 665 4206 apud
678 4132 815 4192 ethnicos.
854 4136 940 4193 Tales
953 4136 1028 4193 enim
1040 4140 1070 4193 et
1079 4140 1163 4193 erant
1173 4134 1322 4208 aurifabri,
1338 4138 1388 4209 qui
1401 4134 1582 4196 fabricabant

410 4236 523 4296 arculas
534 4242 573 4296 -et
595 4237 717 4297 delubra
736 4238 837 4297 Dianae
856 4240 899 4297 illi
912 4240 1061 4313 Ephesiae,
1081 4239 1181 4297 Actor.
1202 4242 1239 4297 19
1257 4244 1311 4298 etc.
1350 4241 1437 4299 Tales
1453 4248 1484 4299 et
1496 4242 1581 4301 hodie

409 4342 504 4401 nostri
519 4349 586 4403 sunt
600 4342 775 4418 adversarii,
798 4343 914 4403 omnine
934 4344 1081 4403 sanctitati
1102 4358 1162 4402 suae
1181 4343 1340 4403 tribuentes
1361 4348 1390 4402 et
1413 4358 1466 4403 sno
1488 4345 1581 4404 ventri

409 4451 577 4505 metuentes.
617 4447 780 4507 Secundum
798 4464 868 4507 uero
882 4447 936 4507 hoc
951 4454 1167 4523 persecutorum
1186 4462 1276 4521 genus
1292 4453 1348 4521 cst,
1372 4448 1422 4524 qni
1437 4448 1583 4529 destinato

404 4547 504 4626 'ammo
515 4550 646 4608 scientes
670 4557 700 4609 et
722 4553 767 4611 sni
785 4552 859 4611 lueri
879 4568 913 4610 ac
935 4553 1052 4612 honoris
1074 4552 1170 4627 gratia
1187 4554 1293 4627 agnitae
1307 4552 1423 4611 veritati
1437 4552 1580 4611 contradi-

409 4658 478 4711 cunt
493 4658 523 4711 et
537 4654 600 4725 ejus
614 4661 775 4716 assertores
789 4657 902 4729 obesis,
923 4662 956 4717 ut
971 4655 1083 4731 dicitnr,
1107 4658 1196 4717 oculis
1211 4634 1431 4730 persequuntur.
1469 4654 1578 4714 Horam

410 4756 485 4813 salus
502 4756 684 4831 desperanda
705 4767 750 4819 est
771 4762 872 4834 etjam
888 4778 964 4820 nunc
977 4762 1007 4821 in
1022 4764 1125 4837 laqueo
1149 4761 1256 4823 debon
1271 4766 1302 4821 et
1314 4761 1496 4821 damnatione
1511 4776 1576 4835 per·
