3700 5692
284 923 492 986 munitionibus
513 929 544 983 et
562 922 791 999 propugnaculis
809 924 924 999 gloriati
944 926 1015 999 siut,
1033 927 1094 1000 jam
1115 926 1218 987 leviter
1232 926 1371 1002 omuibus,
1394 940 1459 1000 qua

284 1048 377 1091 eamr
390 1030 524 1103 voluerit,
540 1029 771 1103 subscripserint.
803 1077 807 1090 .

373 1137 438 1197 Neo
459 1138 515 1196 bao
535 1136 583 1197 dia
601 1136 691 1196 ullum
713 1138 849 1197 nondam
870 1137 905 1197 de
920 1140 1042 1214 nostris,
1059 1154 1131 1213 quos
1145 1137 1283 1215 Augumoe
1298 1139 1458 1213 reliquera-

283 1258 357 1319 mua
373 1242 535 1303 babuimus.
1143 1256 1146 1263 ⁴

202 1410 205 1415 ,
283 1365 305 1434 J
374 1346 477 1409 Comes
492 1366 512 1408 a
525 1349 673 1425 Retbberg
686 1349 770 1409 nobis
784 1351 897 1423 retulit,
913 1351 1045 1410 comitem
1063 1349 1099 1409 de
1114 1350 1185 1411 Blae
1199 1365 1263 1409 oum
1278 1349 1396 1411 sabbato
1411 1347 1458 1409 die

284 1456 386 1530 elapso
407 1456 451 1517 illi
470 1460 580 1515 statuta
601 1456 664 1516 dios
690 1455 728 1515 ad
748 1427 927 1517 mirandum
948 1456 1070 1530 capitale
1089 1455 1258 1531 supplicium
1278 1459 1367 1528 esset,
1391 1457 1459 1515 anto

283 1561 459 1620 semihoram
475 1562 538 1635 ejus
552 1562 689 1635 temporis
703 1563 799 1621 neseio
814 1562 851 1621 ob
866 1578 989 1635 quorum
1003 1563 1235 1622 intercessionem
1249 1574 1386 1619 aoaesare
1400 1560 1459 1621 vita

282 1666 433 1727 donatum.
457 1665 574 1725 Osrmm
587 1682 703 1740 quoque
717 1674 774 1741 est,
798 1669 824 1725 is
839 1681 903 1725 aum
924 1667 1004 1725 intra
1023 1668 1161 1740 palatium
1176 1667 1290 1727 casaris
1306 1664 1459 1745 duoeretpr
1567 1694 1573 1701 ·

283 1788 318 1830 ao
331 1774 364 1831 in
377 1770 574 1845 hybernaoulo
594 1770 719 1845 quodam
739 1771 817 1831 solus
838 1764 1045 1847 diuidendum
1065 1774 1179 1833 veniam
1194 1772 1349 1844 doctorem,
1374 1784 1460 1845 ιιιιιιιιι

281 1876 426 1939 Acaldum
440 1878 559 1939 tarmis
572 1884 690 1951 vocant,
711 1892 747 1937 ae
769 1894 835 1937 eum
848 1877 894 1935 bis
907 1878 1003 1937 verbis
1018 1879 1172 1939 alloeutum
1186 1877 1288 1937 luisse:
1312 1875 1459 1939 Generom

283 1989 313 2043 et
327 1984 457 2057 gratiose
472 1984 585 2044 domine
601 1998 711 2057 eomes,
732 1984 810 2042 misit
830 1998 876 2041 me
895 1998 1021 2043 casarea
1034 1984 1170 2058 majestas
1186 1982 1218 2042 0.
1235 1982 1268 2041 Τ.
1285 1981 1380 2043 didere
1394 1998 1459 2045 eant
1558 2000 1562 2007 ·

281 2089 360 2148 intra
375 2090 463 2149 boras
476 2094 537 2149 tres
557 2095 587 2149 et
605 2089 702 2150 vivum
720 2094 751 2149 et
764 2094 907 2149 mortuum
927 2087 1063 2149 futurum.
1102 2087 1179 2149 Oura
1198 2088 1304 2162 igitur,
1326 2102 1391 2160 quoe
1405 2087 1458 2147 tibi

283 2193 465 2269 disponenda
486 2195 630 2256 videntur.
667 2195 714 2254 Ad
736 2196 799 2255 bae
816 2195 880 2253 ille:
905 2194 1046 2267 Quoniam
1069 2195 1153 2255 aliter
1172 2191 1236 2253 lieri
1257 2194 1358 2267 nequit
1371 2198 1402 2254 et
1416 2193 1457 2253 sio

281 2301 385 2359 casam
399 2301 492 2361 vbum
507 2307 565 2376 est,
588 2316 673 2361 omne
687 2302 835 2375 negocium
854 2299 909 2361 deo
934 2301 1060 2361 commisi
1075 2304 1105 2359 et
1115 2300 1176 2374 jam
1191 2316 1267 2361 nuno
1281 2299 1355 2361 mori
1370 2314 1455 2372 para·

281 2409 329 2465 tua
343 2422 417 2466 sum.
441 2407 582 2466 Dimissus
595 2406 685 2481 igitur
707 2421 760 2481 per
779 2407 865 2468 breue
879 2406 1064 2466 interstitium
1084 2406 1221 2480 temporis
1235 2408 1266 2466 in
1280 2406 1335 2465 bae
1350 2403 1457 2467 delibe-

281 2512 413 2585 ratione,
436 2512 488 2572 ssd
510 2512 587 2572 idem
606 2513 708 2573 doctor
727 2528 861 2572 reversus
880 2518 938 2587 est,
965 2510 1076 2572 disens:
1100 2511 1221 2571 Domine
1236 2526 1349 2583 comes,
1369 2509 1457 2583 jussit

282 2632 411 2678 ooesarea
424 2618 559 2692 moestas
574 2618 626 2678 tibi
640 2618 769 2693 indicari,
786 2617 863 2692 quod
877 2624 907 2678 te
921 2618 981 2677 vita
991 2617 1132 2678 donatura
1143 2617 1189 2678 sit.
1212 2615 1259 2679 Ad
1268 2616 1330 2677 hmo
1344 2631 1455 2677 comem

283 2724 401 2785 Gratias
415 2740 471 2799 ago
486 2740 546 2785 sua
560 2724 705 2799 majestati
719 2741 773 2798 pro
788 2728 869 2784 tanta
883 2723 1044 2783 dementia.
1075 2725 1183 2783 Varum
1198 2724 1223 2783 si
1237 2725 1268 2785 in
1283 2726 1457 2799 potestatem

280 2831 329 2891 rel
343 2830 505 2892 custodiam
518 2828 617 2890 batus
631 2831 687 2889 mei
702 2830 866 2891 mnoellarii
881 2831 1017 2905 Ungaria
1032 2828 1132 2906 dedar‚
1156 2846 1237 2905 rogo,
1253 2835 1286 2891 ut
1300 2845 1352 2891 sua
1367 2828 1455 2903 maie·

282 2943 345 2996 stas
360 2936 456 3012 potius
470 2952 516 3002 me
531 2935 585 2996 sub
599 2936 727 3012 gladium
740 2936 845 3011 mittat
861 2952 929 2997 nam
944 2952 1020 2997 nune
1034 2936 1155 2998 subboc
1168 2937 1231 3013 ipso
1246 2935 1368 2998 arfioub
1382 2940 1454 2997 tem

282 3044 365 3117 poris
379 3043 453 3103 mori
466 3048 586 3118 paratus
601 3059 674 3103 sum.
707 3042 792 3101 Nune
806 3048 902 3103 autem
916 3044 947 3103 in
961 3042 1102 3105 famulitio
1116 3043 1193 3118 regis
1208 3040 1385 3105 Ferdinandi
1401 3045 1454 3115 est,

282 3148 508 3222 praetolaturus
522 3149 591 3223 quid
606 3148 649 3207 illi
663 3148 786 3207 eueniat.

370 3254 440 3326 xxvj
454 3254 534 3313 lunii
550 3252 666 3315 Werdae
681 3252 857 3313 celebratum
877 3260 922 3313 est
936 3251 1169 3313 infaustissimum
1189 3257 1219 3312 et
1234 3252 1309 3313 omni
1324 3268 1388 3312 reso
1403 3252 1454 3313 de·

281 3358 455 3434 plorarmum
469 3360 622 3419 silentium.
656 3358 816 3432 Nanneius,
832 3358 882 3432 qui
897 3358 1001 3419 eoelum
1017 3363 1047 3417 ot
1059 3363 1169 3417 terram
1183 3372 1246 3441 eum
1262 3358 1340 3415 omni
1355 3372 1455 3416 eorum

281 3470 388 3525 ornatu
407 3462 475 3524 feeit
491 3471 523 3524 et
545 3465 633 3539 solem
652 3480 740 3538 super
758 3465 848 3524 bonos
869 3470 899 3523 et
919 3464 1010 3524 malos
1031 3462 1119 3523 radiis
1139 3462 1198 3523 suia
1218 3460 1360 3523 nmdism
1374 3460 1454 3536 sinit,

280 3571 364 3631 verbi
378 3559 528 3644 praoones
542 3572 668 3632 obticere
683 3572 820 3643 oportuit.
858 3569 933 3629 Caro
950 3576 980 3631 et
993 3569 1119 3643 sanguis,
1134 3567 1236 3642 pulvis,
1259 3567 1331 3627 einis
1355 3572 1385 3627 et
1404 3582 1455 3639 pu·

280 3676 378 3751 trodo,
392 3692 444 3737 vos
458 3674 578 3753 figulum
593 3693 675 3736 suum
690 3682 719 3735 et
733 3682 893 3737 creatorem
907 3681 1040 3736 ereatura
1055 3674 1141 3735 silere
1153 3675 1289 3748 jusserat.
1328 3670 1455 3733 Ostende

281 3783 335 3855 eis,
351 3797 370 3841 o
386 3780 509 3858 domine,
526 3784 605 3857 quod
620 3782 690 3843 deus
705 3782 752 3841 sit.

371 3887 495 3949 Domine
504 3888 581 3949 deus
596 3889 760 3949 miserirors
774 3892 804 3948 et
814 3887 924 3962 iustus,
946 3902 1011 3947 eece
1027 3902 1123 3948 eoram
1137 3891 1167 3946 te
1181 3898 1281 3947 manus
1296 3888 1411 3949 nostros
1426 3888 1456 3943 et

281 4009 332 4053 oor
344 4000 477 4055 nosmum
492 3996 695 4071 expandimus,
717 3992 888 4054 confitentes
907 3997 937 4051 et
952 3991 1107 4067 ejulantes,
1130 3992 1207 4065 quod
1222 3992 1388 4066 iniquitates
1403 4005 1454 4051 no·

281 4106 350 4160 stra
381 4116 575 4176 supergressae
598 4106 666 4162 sunt
694 4116 844 4159 numerum
871 4114 968 4157 menos
989 4098 1091 4173 maris,
1122 4105 1152 4159 ot
1179 4094 1455 4173 transgressionibus

280 4209 390 4267 nostris
409 4208 508 4269 etheo
522 4224 639 4268 enorme
654 4211 802 4281 perrarum
821 4203 1057 4279 ingratitudinem
1079 4220 1149 4279 erga
1164 4198 1375 4265 sacrosanctum
1390 4216 1453 4259 ver·

280 4314 349 4373 bum
363 4311 518 4389 addentes,
542 4314 584 4373 ita
605 4311 695 4388 probe
716 4310 962 4371 comminationem
985 4310 1064 4370 illam
1084 4308 1309 4370 insustentabilis
1331 4307 1382 4365 irae
1397 4308 1455 4364 tuae

280 4418 440 4479 commeriti
455 4434 568 4493 sumus,
592 4422 625 4477 ut
639 4414 751 4492 affligas
767 4414 922 4489 rosione,
961 4414 1036 4475 fame
1058 4415 1173 4487 inquam
1189 4411 1353 4472 malesuada
1369 4417 1399 4472 et
1413 4412 1455 4469 in·

279 4523 435 4582 terimente
449 4527 510 4582 tum
524 4538 627 4596 eorpus
642 4528 704 4582 tom
718 4523 918 4596 animam,noa
933 4518 1046 4593 quidem
1061 4519 1144 4592 panis
1159 4514 1280 4578 salvifici
1296 4516 1383 4577 verbi.
1403 4516 1456 4575 At·

279 4635 378 4688 tamen
393 4626 493 4688 conlisi
514 4628 551 4687 de
565 4628 695 4688 bonitate
708 4633 759 4687 tua
780 4642 887 4701 magna
904 4628 1092 4699 posteaquam
1111 4638 1169 4683 non
1189 4624 1281 4683 solum
1295 4636 1370 4697 pane
1385 4620 1457 4681 vivit

279 4734 377 4809 bomo,
393 4734 446 4794 sed
460 4735 491 4793 in
505 4733 583 4793 omni
596 4734 701 4808 verbo,
721 4732 801 4807 quod
819 4734 856 4793 de
876 4746 928 4793 ore
940 4736 992 4789 tuo
1006 4727 1145 4805 prooedit,
1159 4730 1243 4805 juxta
1257 4727 1456 4803 prescriptum

279 4838 389 4902 domini
403 4845 435 4902 et
453 4839 624 4903 liberatoris
641 4840 732 4900 noemi
746 4838 818 4901 lesu
830 4836 940 4898 cmisti
961 4852 998 4898 sx
1018 4839 1079 4897 loto
1093 4834 1181 4901 aude
1195 4849 1322 4907 oramus:
1346 4834 1456 4895 Panem
