3700 5692
856 716 919 780 las

296 912 411 971 pascue
427 901 485 955 tuor
501 912 607 956 snmus.
632 898 763 973 Opoter,
780 897 817 957 da
832 902 865 956 ut
878 902 1019 959 amantem
1040 901 1070 957 te
1083 897 1262 957 redamemus
1279 903 1307 957 et
1323 903 1352 957 te
1367 900 1465 959 timea-

295 1019 369 1061 mus.
408 1001 456 1060 Da
469 1006 503 1061 nt
512 1003 597 1076 juxta
611 1020 715 1064 nomen
735 1007 817 1062 tuum
837 1003 929 1061 sancti
943 1004 1047 1076 simus,
1071 1002 1205 1061 adveniat
1224 1006 1254 1061 ct
1268 1010 1422 1065 renovetur
1436 1006 1465 1063 in

296 1107 380 1167 nobis
394 1122 515 1181 reguum
528 1111 619 1167 tuum.
643 1109 707 1167 Tua
721 1109 852 1167 voluntas
866 1109 897 1165 in
910 1107 1107 1167 misericordia
1121 1105 1187 1181 fiat,
1211 1124 1247 1167 ne
1268 1124 1371 1181 panem
1386 1110 1466 1169 verbi

295 1213 353 1284 tui,
379 1229 437 1285 quo
452 1209 634 1271 Germaniam
654 1214 685 1273 in
707 1214 785 1271 hisce
807 1214 958 1287 postremis
977 1212 1151 1287 temporibus
1170 1217 1230 1271 tam
1251 1213 1371 1286 largiter
1391 1213 1438 1273 ref
1453 1194 1473 1257 ·'

295 1318 371 1392 cisti,
388 1315 512 1377 auferas.
565 1317 613 1377 Da
631 1334 669 1377 ne
689 1320 810 1394 penaria
831 1316 1009 1392 affligamur,
1031 1332 1084 1375 nec
1104 1318 1226 1376 saturati
1245 1318 1465 1377 recalcitremus.

294 1424 384 1483 Nosti
398 1424 476 1481 enim
489 1422 559 1497 qnid
574 1438 646 1496 opus
660 1423 824 1482 babeamus.
863 1424 983 1482 Dimitte
998 1421 1080 1481 nobis
1097 1422 1191 1481 debite
1206 1427 1314 1495 nostra,
1331 1439 1367 1480 ne
1383 1424 1465 1482 simul

293 1528 404 1603 perdas
418 1545 473 1587 nos
485 1544 549 1587 cum
563 1526 762 1603 iniquitatibus
777 1530 900 1603 nostris,
921 1529 1061 1603 siquidem
1081 1533 1111 1587 et
1125 1543 1177 1587 nos
1194 1528 1282 1605 (quod
1298 1532 1420 1590 concede
1435 1538 1467 1590 ut

295 1651 334 1693 ex
348 1634 437 1693 corde
451 1631 515 1709 dat)
530 1632 708 1693 debitoribus
723 1639 753 1693 et
766 1634 1004 1709 persequentibus
1020 1635 1126 1693 nostris
1140 1636 1318 1695 remittimus.
1354 1638 1399 1695 Ne
1414 1653 1466 1696 nos

293 1741 328 1797 in
341 1740 531 1799 tentationem
545 1737 672 1813 inducas,
682 1755 804 1812 quarum
818 1755 893 1799 nunc
903 1754 1001 1799 omnes
1010 1746 1152 1799 terrarum
1163 1742 1262 1814 anguli
1276 1741 1376 1802 relecti
1390 1749 1465 1814 sunt,

293 1843 350 1903 sed
364 1842 458 1902 libera
471 1859 524 1902 nos
539 1843 647 1903 amalo
661 1860 726 1903 cnm
740 1846 855 1920 animae,
880 1847 1009 1919 corporis
1033 1852 1063 1905 et
1077 1846 1186 1905 dierum
1202 1847 1340 1907 malorum
1355 1850 1465 1907 lrorurn.

294 1947 439 2019 Quoniam
453 1953 535 2006 tuum
550 1953 594 2007 est
607 1964 738 2023 regnum,
753 1949 928 2023 postliminio
943 1966 994 2008 nos
1009 1951 1061 2009 tibi
1076 1966 1173 2009 assere
1187 1966 1204 2007 o
1221 1952 1343 2024 domine,
1359 1956 1410 2013 tna
1424 1958 1467 2013 est

294 2054 399 2135 virtus,
416 2057 546 2111 sustenta
560 2070 622 2128 nos,
646 2058 713 2113 tuus
728 2060 772 2113 est
786 2055 887 2128 honor,
912 2054 949 2113 da
964 2060 993 2113 te
1009 2056 1100 2115 solum
1114 2054 1286 2113 honoremus
1302 2063 1331 2115 et
1346 2058 1466 2129 gloriam

294 2161 377 2217 tuam
392 2156 430 2216 da
440 2172 458 2216 a
470 2157 552 2217 nobis
567 2164 596 2217 et
611 2159 740 2221 omnibus
755 2162 918 2235 promoveri
932 2161 962 2219 in
977 2165 1154 2233 perpetuum.
1178 2159 1224 2218 Da
1239 2158 1351 2223 domine
1368 2177 1404 2218 ne
1419 2177 1465 2220 re-

293 2262 418 2335 spiciam
432 2263 527 2323 vulcm
542 2264 682 2337 potentis,
702 2264 754 2323 sed
769 2263 852 2322 dein
867 2281 899 2323 os
914 2264 984 2337 quid
998 2264 1116 2339 loquar,
1139 2269 1167 2323 et
1188 2264 1271 2323 labiis
1286 2266 1356 2323 nreis
1371 2271 1464 2325 custo·

295 2366 375 2426 diam
389 2382 476 2442 pone,
493 2369 523 2425 in
538 2370 652 2427 nomine
667 2370 742 2427 enim
755 2372 806 2427 tuo
821 2369 905 2441 ejicio
920 2374 991 2427 rete.

386 2472 498 2533 Eadem
513 2473 550 2533 ad
573 2479 705 2533 octavam
724 2474 754 2531 in
768 2475 915 2533 mansione
931 2475 1094 2534 cancellarii
1115 2475 1230 2533 caesaris
1245 2474 1365 2535 Antonii
1379 2475 1464 2535 Abe-

295 2579 426 2639 batensis
441 2580 569 2654 episcopi
582 2594 634 2653 per
648 2578 833 2639 Leonardum
853 2580 896 2637 illi
916 2596 935 2637 a
949 2579 1085 2640 cubiculis
1106 2581 1182 2638 intra
1197 2578 1357 2638 cubiculum
1372 2582 1465 2641 vocati

295 2699 406 2755 sumus,
423 2684 471 2743 ubi
487 2701 504 2742 e
518 2686 636 2759 regione
655 2685 749 2744 nostri
768 2687 848 2745 stetit
861 2684 1062 2745 Atrebatensis
1084 2687 1190 2760 praesul
1210 2692 1239 2745 et
1253 2686 1296 2743 illi
1311 2703 1329 2745 a
1343 2686 1466 2745 sinistris

297 2788 326 2847 d.
344 2787 496 2864 Philippus
519 2787 599 2849 Seldt
619 2790 876 2851 vicecancellarius.
914 2792 944 2849 Is
965 2806 1046 2849 orsus
1062 2796 1105 2849 est
1121 2790 1229 2862 dicere,
1251 2790 1465 2851 Reverendissi·

295 2910 360 2952 mus
377 2899 408 2954 et
421 2894 654 2953 clementissimus
670 2896 799 2955 dominus
819 2911 898 2953 mens
921 2895 1122 2956 Atrebatensis
1146 2896 1214 2953 mihi
1229 2897 1467 2969 generositatibns

295 3001 402 3059 vescas
424 3000 520 3060 dicere
540 3001 681 3075 injunxit,
711 3000 869 3063 Romanam
892 3016 1046 3059 caesaream
1065 3004 1243 3075 majestatem
1265 3019 1317 3076 per
1332 3017 1465 3061 reveren-

296 3103 447 3163 dissimum
460 3105 681 3165 Atrebatensem
696 3084 841 3181 accepisse
855 3122 906 3163 vos
921 3105 961 3163 ad
975 3106 1137 3165 citationem
1153 3106 1208 3164 huc
1227 3106 1384 3181 advenisse,
1399 3108 1467 3167 item

296 3210 498 3269 excusationes
512 3218 632 3285 vestras,
648 3226 720 3285 quas
735 3207 956 3284 protenderetis.
995 3210 1101 3269 Verum
1121 3226 1174 3269 sue
1192 3214 1326 3285 majestas
1347 3215 1400 3271 etsi
1414 3212 1466 3273 has

296 3316 498 3375 excusationes
518 3314 657 3387 audierit,
684 3332 742 3374 oon
760 3320 857 3375 tamen
880 3330 940 3371 snae
960 3315 1103 3387 maiestati
1123 3316 1167 3373 lris
1188 3314 1364 3374 satisfactum
1388 3317 1465 3375 dicit.

296 3420 374 3479 Nam
395 3436 557 3493 quanquam
579 3420 783 3494 protenderitis
806 3435 856 3479 vos
877 3418 1007 3478 subditos
1028 3418 1175 3479 Gattoruur
1197 3422 1333 3493 principis
1353 3437 1415 3479 esse
1438 3427 1468 3479 et

296 3524 351 3583 sub
383 3523 587 3597 capitulatione
613 3523 845 3599 comprehensos,
881 3531 977 3584 tamen
1006 3540 1056 3583 vos
1079 3531 1119 3583 et·
1135 3525 1250 3585 comites
1272 3525 1384 3598 imperii
1409 3541 1466 3583 non

297 3628 447 3701 decuisse,
480 3636 513 3687 ut
536 3628 625 3688 obliti.
646 3629 778 3703 honoris,
806 3629 954 3703 dignitatis
978 3635 1007 3688 et
1035 3629 1155 3687 nominis
1190 3631 1278 3687 vestri
1302 3630 1367 3686 hnic
1387 3630 1465 3701 prin-

296 3734 355 3809 cipi
370 3738 473 3794 contra
487 3749 623 3793 caesarem
644 3737 782 3809 pugnanti
803 3736 910 3793 auxilio
925 3736 1034 3795 essetis.
1088 3736 1169 3793 Licet
1182 3735 1299 3807 insuper
1314 3749 1397 3791 sacra
1411 3749 1465 3793 cae·

296 3855 383 3901 screa
409 3840 545 3915 maiestas
574 3858 609 3899 ex
628 3842 814 3915 prothocollis
835 3841 937 3914 judicii
961 3856 1083 3901 camerae
1104 3841 1266 3914 perceperit
1294 3841 1410 3899 comites
1439 3844 1467 3898 et

296 3944 510 4019 landtgravium
535 3946 570 4005 de
595 3941 650 4004 hac
668 3946 840 4020 quaestione,
862 3945 968 4005 subditi
991 3948 1089 4021 ejusne
1104 3948 1162 4005 sint
1181 3964 1219 4005 an
1239 3962 1333 4021 secus,
1365 3946 1466 4019 egisse.

298 4051 409 4111 Verum
424 4055 568 4125 utcunque
583 4049 646 4108 hacc
659 4065 706 4108 res
721 4066 752 4108 se
766 4050 884 4125 babeat,
919 4067 996 4110 nunc
1010 4051 1046 4111 de
1061 4052 1105 4109 his
1125 4067 1177 4111 sua
1191 4053 1324 4125 majestas
1339 4050 1466 4125 disputa-

297 4159 409 4219 tionem
424 4174 482 4217 non
496 4156 639 4229 instituet,
661 4155 712 4214 sed
726 4155 757 4215 in
771 4156 866 4215 medio
880 4156 1032 4229 relinquit,
1057 4172 1092 4217 ea
1106 4162 1202 4218 tamen
1215 4159 1294 4232 lege,
1310 4161 1342 4216 ut
1356 4156 1423 4215 fisco
1439 4160 1468 4215 et

298 4278 359 4321 suae
373 4263 519 4336 majestati
538 4260 609 4318 nuril
625 4262 700 4335 juris
724 4261 892 4333 derogatum
912 4260 990 4320 velit.
1029 4262 1101 4321 Item
1116 4262 1194 4334 quod
1209 4262 1246 4321 ad
1261 4261 1466 4321 absolutionem

296 4383 352 4441 per
367 4366 500 4426 comitem
513 4366 710 4425 Reinhardnm
725 4383 744 4424 a
759 4365 851 4425 Solms
866 4366 984 4437 attinet,
1006 4367 1036 4426 id
1056 4383 1114 4425 non
1129 4367 1213 4425 latius
1228 4366 1355 4437 tendere,
1382 4382 1467 4438 quarn

298 4471 377 4545 qnod
399 4470 586 4531 commissarii
602 4471 676 4542 jussi
695 4472 753 4530 siut
778 4488 865 4545 super
890 4470 946 4529 hac
964 4471 1084 4528 ulterius
1106 4486 1242 4529 cesarem
1263 4486 1391 4543 quaerere
1413 4476 1466 4531 etc.

297 4576 411 4635 Horum
426 4591 497 4649 erpo
511 4591 575 4633 cnm
584 4574 666 4634 vobis
680 4572 786 4635 conscii
802 4578 863 4637 sitis
878 4582 907 4635 et
922 4582 1041 4649 constet,
1058 4591 1168 4634 omnem
1185 4573 1360 4649 dignitatem,
1377 4576 1466 4635 liono-

297 4694 361 4738 rcm
375 4685 405 4738 et
417 4680 466 4752 ius
488 4682 576 4739 vestri
598 4681 748 4739 comitatus
770 4697 788 4740 a
806 4682 920 4739 nemine
939 4686 1133 4755 praeterquam
1154 4680 1191 4739 ab
1204 4681 1378 4753 imperatore
1393 4680 1467 4739 deri·

298 4782 371 4856 vari,
387 4783 572 4857 quamobrem
587 4801 712 4844 caesarea
726 4786 862 4860 maiestas
877 4787 984 4859 optimo
1000 4800 1051 4843 suo
1064 4784 1130 4858 jure
1146 4791 1176 4844 et
1190 4785 1302 4845 actione
1318 4785 1393 4843 laesoe
1409 4801 1467 4845 ma-
