3700 5692
815 738 905 843 'rra

274 918 350 977 male
365 918 513 979 ordinavit
525 934 661 997 unquam,
686 924 716 977 et
731 923 775 977 est
789 922 974 994 magistratus
996 938 1078 995 mque
1098 924 1241 986 ordinatio
1256 928 1320 1005 Dei,
1344 946 1378 989 ac
1393 936 1450 991 sta·

273 1030 320 1084 tus
334 1026 511 1090 matrimonii
527 1030 580 1083 etc.
618 1024 731 1083 Deinde
746 1022 870 1083 officium
885 1026 953 1085 boui
968 1034 998 1087 et
1012 1027 1088 1103 frugi
1109 1032 1177 1089 civis
1198 1031 1291 1093 obiter
1312 1034 1450 1111 depinxit,

273 1126 398 1189 innuens
414 1146 499 1203 quam
513 1133 538 1189 is
553 1129 625 1189 nihil
639 1148 657 1189 a
677 1134 821 1205 potestate
842 1132 895 1190 sibi
916 1134 1017 1193 timere
1040 1134 1144 1196 debeat
1165 1143 1218 1197 etc.
1249 1140 1298 1198 Ait
1313 1146 1408 1201 autern
1423 1142 1450 1201 d.

273 1236 398 1293 Paulum
419 1236 466 1295 bic
489 1236 546 1295 duo
569 1251 692 1309 ponere,
721 1236 829 1294 scilicet
849 1239 1048 1310 magistratum
1076 1258 1096 1299 a
1115 1241 1179 1302 Deo
1204 1245 1366 1315 ordinatum
1388 1264 1451 1307 csse

272 1342 435 1399 ministrum
449 1340 514 1415 Dei,
538 1342 620 1402 bonis
636 1341 794 1415 iubenum,
815 1344 899 1401 malis
918 1347 950 1402 iu
971 1346 1075 1403 malurn
1096 1352 1181 1421 atque
1197 1354 1346 1411 terrorem.
1377 1352 1450 1411 Esse

272 1448 363 1520 igitar
385 1449 585 1521 magistratum
607 1452 798 1520 protectorem
821 1453 850 1506 ot
871 1447 1013 1523 refugium
1035 1451 1188 1529 bonorum,
1219 1457 1360 1515 melorum
1382 1474 1451 1517 vero

272 1550 484 1612 destructorem
514 1557 544 1612 et
566 1552 746 1625 depulsorem
776 1554 902 1612 malitiae.
943 1554 1146 1629 Magistratum
1170 1577 1284 1633 quoque
1308 1565 1382 1621 serio
1407 1564 1451 1623 sui

272 1658 403 1716 muneris
423 1657 564 1716 rationem
585 1656 692 1717 babere
714 1658 833 1731 monuit,
857 1664 958 1733 utpote
980 1678 1051 1733 quos
1066 1663 1145 1723 Deus
1168 1665 1254 1725 divini
1270 1668 1314 1725 sui
1329 1670 1450 1727 nominis

272 1763 430 1837 participes
453 1759 567 1836 iecerit,
598 1766 628 1821 et
651 1777 721 1836 quos
745 1763 772 1822 d.
796 1762 904 1822 Paulus
928 1764 974 1823 hic
997 1766 1205 1828 ordinationem
1229 1771 1284 1831 Dei
1310 1779 1339 1833 et
1361 1775 1451 1848 ipsius

272 1869 421 1927 ministros
443 1868 582 1941 appellet,
605 1874 636 1927 et
658 1883 715 1939 quo
736 1869 810 1927 scire
833 1870 957 1943 possint,
983 1887 1113 1945 quaenam
1135 1877 1180 1935 sui
1202 1875 1288 1935 officii
1311 1880 1376 1952 sint,
1402 1896 1450 1939 eos

272 1974 303 2032 id
319 1973 352 2049 (l.
369 1971 414 2047 ut)
430 1972 621 2047 addiscerent,
646 1972 683 2032 ad
698 1973 843 2033 Psalmum
859 1976 899 2033 82
916 1978 1037 2035 remisit.
1070 1977 1180 2051 (Habet
1194 1987 1290 2041 autern
1305 1984 1351 2040 hic
1366 1982 1448 2041 Psal-

272 2094 337 2136 mus
359 2079 574 2152 inscriptionem
598 2078 661 2137 Ode
683 2079 782 2154 Asaplr
805 2085 834 2138 et
855 2097 954 2139 versus
976 2079 1065 2156 octo.)
1103 2082 1198 2155 Quare
1221 2102 1278 2145 non
1300 2088 1398 2163 pigeat
1421 2093 1450 2147 te

271 2187 366 2257 ipsum
388 2184 494 2259 legere.
535 2184 608 2243 Item
629 2186 717 2257 jussit
739 2185 881 2259 inspicere
905 2187 1027 2259 primum
1049 2188 1144 2247 Esaiae
1169 2196 1255 2263 capnt
1282 2197 1311 2249 et
1337 2193 1450 2251 Moisen

272 2289 418 2348 diceuoem
435 2289 532 2348 ‹Justi
546 2291 623 2363 quod
634 2292 744 2363 iustum
763 2294 807 2349 est
817 2290 976 2363 judicate«
996 2290 1007 2327 ¹
1037 2293 1110 2351 Item
1131 2294 1208 2368 qued
1232 2293 1396 2357 defensores
1420 2304 1449 2357 et

272 2400 503 2469 propugnatores
518 2411 594 2454 verae
608 2386 757 2469 religionis
772 2412 805 2454 ac
819 2394 900 2454 verbi
915 2396 970 2455 Dei
990 2398 1182 2457 ministrorum
1203 2405 1232 2459 et
1247 2401 1277 2459 in
1292 2402 1380 2461 verbo
1397 2403 1447 2462 do·

272 2500 344 2558 mirri
359 2500 522 2574 prescripti
538 2500 629 2559 divini
644 2501 736 2559 cultus
751 2500 884 2559 custodes
900 2502 965 2559 siat.
996 2500 1036 2561 Et
1055 2518 1070 2559 e
1087 2506 1187 2563 contra
1209 2521 1315 2581 eorum,
1331 2508 1449 2581 inques

272 2604 402 2679 gladium
416 2621 499 2663 suum
514 2606 617 2679 stringi
633 2605 744 2679 debeat,
767 2606 929 2679 catalogum
950 2624 985 2665 ex
1000 2606 1091 2666 Paulo
1113 2610 1150 2669 ad
1171 2608 1299 2671 Corinth.
1322 2612 1448 2687 adduxit,

271 2711 407 2769 nimirum
423 2712 453 2769 in
467 2709 623 2785 adulteros,
646 2712 677 2769 in
692 2708 844 2785 veneficos,
868 2712 1016 2787 idolatras,
1041 2712 1215 2791 adulatores,
1238 2718 1371 2790 cynaedos
1394 2724 1448 2779 etc.

271 2814 317 2873 De
339 2817 433 2875 abusu
454 2831 566 2890 quoque
587 2815 675 2891 gladii
696 2816 840 2875 disseruit,
871 2817 1041 2893 Exemplum
1063 2820 1158 2896 Pilati,
1183 2824 1232 2895 qui
1253 2824 1343 2883 sciens
1365 2822 1447 2881 Chri·

271 2923 348 2979 stum
370 2922 519 2981 innoxium
546 2920 706 2996 damnavit,
737 2939 800 2981 cum
822 2928 918 2983 tamen
943 2924 1074 2984 Christus
1099 2927 1204 2985 nullius
1230 2929 1355 2986 criminis
1381 2946 1447 2988 reus

271 3026 324 3087 ulli
346 3045 475 3104 unquam
494 3027 599 3087 malum
621 3029 764 3103 intulerit,
788 3030 840 3089 sed
859 3031 979 3103 insuper
1000 3032 1130 3105 omuibus
1151 3031 1334 3107 benefecerit,
1358 3034 1447 3093 addu-

271 3150 350 3208 cens,
374 3151 465 3208 aquo
480 3150 532 3193 auo
548 3134 737 3207 antesignano
759 3151 817 3192 non
837 3136 957 3194 multum
979 3136 1082 3211 absint,
1107 3139 1156 3210 qui
1176 3138 1253 3197 hisce
1273 3116 1448 3213 temporibus

271 3241 410 3299 innocuos
424 3227 641 3299 concionatores
661 3244 690 3297 et
711 3239 783 3297 alios
804 3245 905 3297 cauma
925 3242 1128 3300 conscientiam
1148 3243 1225 3301 mille
1240 3244 1331 3301 modis
1347 3261 1447 3304 excru-

272 3345 359 3404 ciant.
390 3346 482 3403 lussit
502 3347 591 3419 igitur
613 3346 654 3403 ito
675 3347 762 3403 vitam
785 3361 838 3403 nos
859 3346 1012 3417 iustruere,
1036 3361 1072 3402 ne
1093 3328 1278 3418 magistr-atus
1292 3347 1375 3405 nobis
1391 3356 1449 3407 ter·

271 3451 333 3509 rori
348 3453 396 3524 sit,
421 3456 450 3510 ct
464 3452 600 3523 cogitare,
626 3449 702 3521 quod
718 3465 776 3507 non
791 3448 899 3508 frustra
913 3448 1039 3523 gladium
1054 3455 1159 3521 portet.
1428 3525 1431 3531 Ι

361 3557 390 3615 Α
405 3557 550 3629 concione,
573 3554 642 3613 dum
656 3552 869 3613 obsecrationes
883 3551 948 3612 fieri
962 3552 1053 3627 jubet,
1077 3560 1130 3627 p'ro
1151 3559 1294 3627 potestate
1316 3557 1447 3615 ecclesia·

272 3661 354 3735 stica,
377 3662 511 3721 nimirum
526 3677 579 3735 pro
596 3658 842 3733 dispensatoribus
858 3660 939 3720 verbi
954 3659 1052 3733 divini,
1069 3664 1159 3733 orate,
1174 3661 1276 3733 inquit,
1293 3661 1446 3735 dominum,

272 3772 305 3825 ut
326 3768 476 3840 operarios
497 3768 528 3824 in
547 3781 670 3824 mercem
692 3780 772 3823 suam
794 3764 937 3823 extrudet.
968 3764 1055 3823 Multi
1076 3766 1151 3823 euim
1173 3771 1249 3839 sunt,
1272 3769 1322 3839 qui
1344 3783 1447 3826 nomen

272 3873 425 3943 potestatis
439 3876 588 3945 appetunt,
613 3869 714 3945 opimis
728 3868 873 3928 beneficiis
888 3870 1023 3943 gaudent,
1047 3870 1099 3960 sed
1119 3885 1191 3929 oves
1208 3870 1314 3931 Christi
1329 3888 1447 3945 pascere

272 3982 424 4052 recusant,
447 3975 574 4036 laborem
596 3974 823 4049 subterfugiunt,
848 3976 921 4034 sicut
941 3981 973 4034 'et
995 3977 1149 4048 innumeri,
1181 3978 1230 4048 qui
1252 3977 1395 4050 principes
1419 3983 1448 4035 et

273 4083 383 4142 domini
396 4082 493 4143 uocari
508 4082 645 4153 ambiunt,
669 4082 862 4155 reperiuntur,
887 4081 1002 4139 omniuo
1018 4088 1113 4140 autern
1134 4080 1220 4141 officii
1240 4089 1269 4141 et
1289 4085 1446 4142 vocationis

273 4205 333 4246 suae
349 4190 492 4247 rationem
506 4188 611 4249 habere
627 4191 821 4247 contemnunt.

363 4293 488 4353 Domine
503 4293 591 4367 Deus,
615 4293 787 4365 misericors,
805 4292 884 4363 J'uste
900 4296 930 4349 et
944 4308 1054 4367 magne,
1075 4295 1143 4366 quia
1158 4293 1236 4351 nulle
1250 4297 1377 4367 potestas
1393 4296 1445 4364 est,

273 4402 329 4458 nisi
349 4418 368 4459 a
387 4403 418 4459 te
437 4400 580 4473 ordinata,
604 4401 653 4471 qui
674 4404 704 4457 et
722 4413 767 4455 me
789 4397 1017 4469 indignissimum
1036 4415 1150 4472 quoque
1171 4400 1201 4456 iu
1222 4398 1372 4455 vocatione
1393 4396 1447 4455 hac

273 4521 338 4563 esse
353 4503 480 4579 voluisti,
503 4520 623 4578 eumque
637 4503 733 4561 nullus
748 4519 873 4574 unquam
892 4502 981 4562 iuerit
1000 4508 1057 4563 tem
1078 4508 1201 4577 sanctus,
1227 4503 1326 4562 doctus
1347 4508 1398 4561 aut
1412 4518 1447 4560 ea

273 4609 430 4685 prudentia
444 4609 593 4684 praeditus,
617 4625 673 4681 quo
688 4625 789 4667 munus
805 4608 877 4668 illud
891 4616 1021 4669 sanctum
1041 4610 1192 4684 potestatis
1212 4625 1247 4666 ex
1267 4609 1344 4665 omui
1363 4612 1446 4682 parte

850 4742 866 4775 ἡ

351 4833 361 4877 l
383 4826 467 4878 Exod.
489 4831 528 4878 18.
549 4827 626 4879 Deut.
649 4829 689 4876 16.

319 4952 436 4996 wudu.
1214 4918 1232 4971 8
