3700 5692
932 814 938 834 ,
977 734 1042 807 aas

423 940 489 999 qum
503 927 651 1001 apparent·
659 924 787 1003 appetit,
809 929 843 984 ut
856 928 923 985 snut
946 940 1031 999 opum
1045 924 1165 1002 cupido,
1189 926 1326 1003 splendor
1339 925 1504 1002 dividerem,
1517 930 1569 989 arri

415 1036 455 1090 'et
469 1031 582 1105 argenti
597 1031 765 1106 ostentatio,
780 1028 885 1106 lastae,
904 1031 1003 1105 luxus,
1025 1032 1148 1093 auaritia
1167 1038 1197 1093 et
1217 1033 1361 1110 superbia.
1397 1036 1465 1095 Item
1477 1036 1505 1095 in
1516 1035 1569 1095 reli·

423 1138 510 1213 giem
524 1141 603 1197 amat
617 1138 817 1211 ceremonias,
838 1142 1007 1197 ornamenta
1029 1154 1102 1199 auro
1123 1144 1153 1199 et
1166 1143 1286 1213 argemo
1302 1140 1441 1213 oolorata,
1455 1156 1513 1201 oum
1525 1142 1570 1215 spi-

422 1243 496 1303 ritns
519 1242 627 1303 Christi
650 1248 679 1303 et
699 1242 894 1317 apostolorum
915 1242 1000 1302 deum
1019 1242 1049 1301 iu
1068 1244 1191 1303 verimte
1211 1246 1361 1321 quaeritet,
1383 1247 1464 1321 juxta
1482 1245 1570 1306 dietim

423 1347 543 1409 causa:
566 1347 692 1421 Mulier,
708 1348 773 1408 dieo
788 1348 851 1423 tibi,
866 1364 962 1423 neque
976 1349 1006 1408 ia
1021 1354 1118 1413 monte
1132 1350 1195 1425 hoo,
1211 1356 1304 1425 neque
1317 1351 1516 1425 Hierosolymis
1529 1350 1569 1411 ad·

403 1443 544 1515 'ambitis
558 1460 685 1530 patrem,
709 1454 761 1514 aed
780 1456 841 1514 reri
861 1455 1029 1515 adoratores
1049 1453 1213 1516 adorabunt
1227 1470 1293 1516 eum
1311 1458 1343 1516 in
1357 1458 1460 1533 spiritu
1472 1462 1500 1517 et
1511 1456 1571 1517 veri·

423 1564 484 1621 tete
499 1562 564 1634 ete,
589 1561 710 1635 etiamsi,
726 1560 820 1633 inquit
833 1559 991 1634 Masculus,
1017 1561 1040 1619 si
1055 1560 1127 1621 nihil
1141 1561 1188 1622 vel
1202 1545 1430 1639 deargentatum,
1445 1562 1488 1625 vel
1501 1562 1572 1623 datu·

423 1670 519 1725 ratum
532 1664 617 1725 adsit.
639 1664 780 1725 Mundum
795 1670 892 1725 antem
906 1666 1048 1726 restitisse
1062 1666 1176 1741 spiritui
1190 1672 1289 1729 saneto
1304 1683 1340 1729 ex
1354 1671 1427 1729 aetia
1441 1686 1498 1745 oap.
1514 1670 1572 1727 ier

422 1770 517 1831 verbis
538 1772 758 1845 protomartyris
780 1770 919 1847 Stephani
938 1770 1085 1846 probavit:
1108 1773 1167 1833 Vos
1186 1788 1300 1848 sempor
1319 1775 1434 1849 spiritui
1447 1792 1469 1836 s.
1483 1774 1572 1834 restiti·

422 1879 484 1953 stis,
500 1878 575 1938 sient
588 1882 687 1953 patrea
702 1878 804 1953 vestri,
829 1879 871 1938 ita
884 1883 914 1939 et
929 1895 979 1937 ros
995 1882 1050 1937 eto.
1088 1876 1171 1951 Quod
1186 1882 1283 1937 autem
1297 1880 1354 1953 ait,
1366 1879 1506 1941 'mnndum
1518 1896 1572 1940 snos

422 1984 544 2059 diligere
558 1991 612 2044 eto.
635 1984 693 2044 Hie
704 1985 801 2044 maltis
816 1985 921 2060 docuit,
939 1984 1123 2059 quamohrem
1136 1982 1259 2044 mundns
1274 2000 1332 2059 eos,
1348 1988 1400 2060 qni
1415 1984 1520 2047 Christo
1532 1984 1572 2044 ad·

423 2092 543 2164 haerent,
559 2091 629 2150 nihil
644 2106 763 2165 prorsus
777 2095 894 2168 reputet
916 2096 946 2151 et
960 2093 991 2151 in
1005 2106 1091 2165 quam
1112 2090 1209 2151 multis
1223 2090 1346 2152 muudus
1360 2097 1394 2151 et
1406 2090 1457 2152 filii
1476 2090 1519 2152 dei
1530 2106 1572 2166 per

422 2185 608 2271 disdiapason
622 2196 795 2271 dserepent.
833 2196 917 2270 Quod
936 2201 1032 2257 autem
1051 2213 1103 2257 nos
1118 2196 1154 2257 de
1168 2198 1274 2258 mando
1289 2215 1347 2259 uon
1362 2214 1468 2273 snmus,
1487 2197 1515 2258 id
1526 2212 1573 2256 nor

425 2307 470 2362 est
482 2302 574 2363 nostri
588 2303 701 2377 meriti,
725 2303 777 2363 sed
791 2318 828 2373 er
843 2302 983 2363 electione
999 2301 1120 2378 Christi,
1146 2304 1195 2378 qni
1217 2296 1283 2364 suos
1299 2321 1335 2365 ex
1348 2320 1431 2366 mera
1444 2318 1493 2365 sna
1505 2302 1572 2363 bori-

423 2414 484 2469 tate
499 2407 594 2485 elegit.
618 2408 750 2470 Christus
763 2410 853 2485 igitur
866 2424 983 2468 oausam
997 2408 1056 2470 odii
1076 2410 1226 2500 expressit.
1264 2408 1326 2469 Nee
1341 2411 1418 2470 enim
1433 2408 1572 2471 smeret-

424 2530 513 2575 oaueo
526 2516 655 2575 mulieris
669 2522 700 2576 et
713 2516 815 2575 murini
830 2516 891 2589 ejas
905 2515 1087 2575 adherentes
1105 2531 1164 2575 non
1178 2514 1340 2589 iuquietare
1354 2530 1415 2577 uon
1428 2520 1517 2591 potest
1529 2518 1572 2573 eta.

422 2620 596 2694 Poateqaam
610 2620 650 2681 ad
662 2637 716 2680 nos
730 2626 761 2681 et
773 2626 874 2682 nosne
886 2626 1019 2695 tempora
1028 2621 1090 2680 hee
1104 2620 1284 2695 applicasset,
1299 2620 1449 2681 Musonius
1461 2620 1512 2683 hoo
1524 2618 1571 2695 epi-

423 2724 594 2799 phonemate
608 2725 774 2786 conderem
787 2741 870 2787 suam
883 2726 998 2786 ehnsit:
1022 2725 1096 2799 Quia
1111 2742 1180 2813 ergo
1199 2726 1346 2787 electionis
1360 2726 1416 2789 filii
1429 2742 1481 2789 noa
1492 2736 1572 2787 mnu

423 2836 456 2891 et
468 2846 526 2893 non
540 2829 680 2907 mundns,
705 2831 823 2893 aleatori
843 2847 897 2906 per
915 2832 1013 2891 omnia
1030 2832 1106 2907 grati
1126 2848 1189 2893 esse
1209 2830 1386 2893 studemus.
1424 2832 1503 2907 Quod
1517 2830 1574 2893 rolit

424 2920 554 2999 Christus
568 2939 631 3013 ipse
645 2934 721 2999 lilius
735 2939 782 3000 dei
797 2944 827 3000 et
840 2938 934 2999 homo.
958 2936 1061 2997 Amen.

513 3042 662 3105 Liberium
681 3043 720 3104 ad
740 3046 871 3105 munitam
886 3060 905 3105 a
918 3046 1034 3106 Nasson
1047 3042 1184 3118 misimus,
1206 3060 1307 3105 verum
1321 3044 1346 3104 is
1362 3045 1483 3120 dixerat,
1496 3058 1524 3103 se
1535 3058 1572 3102 re

423 3164 560 3226 sponsum
575 3166 593 3210 a
608 3147 776 3211 Coloniame
791 3148 918 3211 noudum
932 3150 1086 3225 aceepisse.
1124 3149 1151 3210 A
1165 3152 1301 3211 aonoione
1314 3152 1490 3212 licentiosam
1501 3147 1572 3210 iliae

423 3254 501 3315 laum
514 3255 618 3331 Maior,
633 3254 847 3331 Wulffgangam
861 3256 1023 3317 Mustelam
1039 3262 1069 3317 et
1082 3258 1102 3317 J
1103 3273 1226 3318 oannem
1240 3258 1400 3320 Henriaum
1415 3258 1524 3320 ulloonti
1535 3270 1572 3315 sn·

355 3375 361 3389 ¹
422 3378 495 3422 arus.
532 3363 628 3424 Maier
651 3363 799 3424 nobiseum
812 3362 957 3437 prandere
972 3364 1088 3438 statuit,
1112 3368 1158 3425 ast
1173 3362 1397 3440 christophorus
1411 3364 1469 3427 dnn
1481 3381 1498 3425 a
1510 3360 1572 3423 Wu-

421 3472 544 3545 anberg
558 3468 640 3530 uobis
654 3468 748 3530 motus
770 3468 883 3530 ebriam
901 3469 996 3542 ipsum
1015 3487 1068 3546 per
1081 3473 1267 3532 secretariam
1290 3484 1374 3533 saum
1388 3473 1484 3535 rotari
1494 3469 1572 3545 jessit

422 3582 456 3638 ut
469 3578 585 3637 interim
598 3580 710 3637 taoeam
724 3574 801 3651 qnod
813 3575 857 3634 illi
871 3579 901 3634 et
914 3574 973 3635 elia
986 3576 1107 3652 negocia
1121 3592 1185 3635 cum
1199 3574 1271 3637 duae
1286 3583 1389 3639 erant·

510 3681 674 3758 Iujonotum
688 3686 734 3741 eat
746 3681 836 3741 Floro
849 3687 883 3741 nt
897 3696 961 3740 eam
975 3681 1089 3756 hospite
1103 3689 1213 3759 egeret,
1235 3686 1260 3745 si
1275 3700 1387 3761 oenone,
1404 3686 1452 3762 qai
1466 3684 1505 3745 illi
1516 3680 1572 3743 hah

422 3788 558 3849 domatim
572 3788 710 3861 dabatur,
732 3788 823 3847 minui
836 3792 960 3864 posset,
971 3789 1133 3863 praesertim
1153 3789 1233 3865 quod
1247 3790 1375 3852 Joannes
1389 3791 1480 3853 irater
1493 3795 1520 3851 et
1531 3788 1572 3848 Se·

421 3894 498 3954 muel
512 3909 602 3968 nepos
616 3892 694 3953 nltr'a
706 3908 765 3953 nou
781 3892 924 3954 adessent.
1203 3914 1206 3921 ⁴

509 3988 621 4060 Eadem
639 4001 671 4057 in
689 3998 840 4074 horologio
854 3999 892 4059 ad
914 4000 1056 4074 parietem
1071 4002 1212 4063 Mausolei
1227 4004 1257 4063 in
1271 4004 1357 4065 horto
1372 4005 1487 4081 Georgii
1499 4003 1572 4064 loan-

304 4138 307 4143 ·
423 4108 468 4167 nis
481 4106 610 4182 Faggeri
623 4104 677 4166 hos
691 4122 793 4165 remus
806 4101 949 4181 ascriptos
963 4106 1033 4181 legi:

586 4239 646 4291 Non
663 4256 740 4293 aeona
758 4232 790 4294 ee
808 4244 917 4307 flumen,
935 4260 1020 4311 neque
1038 4244 1107 4295 euim
1127 4245 1269 4297 oonsmtere
1288 4246 1383 4297 flamen

532 4346 537 4356 ·
585 4330 641 4381 Neo
658 4330 748 4382 brevis
765 4331 830 4382 hora
847 4337 942 4398 potest,
961 4331 1007 4384 sed
1025 4339 1053 4383 ut
1071 4333 1143 4387 uude
1161 4332 1305 4400 impellitur
1322 4333 1393 4385 unda

587 4418 753 4485 Urgetnrqua
769 4419 862 4474 eodem
879 4420 988 4471 veniens
1006 4428 1134 4489 urgetque
1152 4424 1276 4490 priorarat

590 4506 721 4573 Tempore
738 4508 779 4561 sie
796 4509 902 4577 fugiunt
919 4510 1018 4577 pariter
1036 4511 1184 4581 pariterque
1202 4517 1354 4579 sequuntur.

421 4697 425 4703 ,
510 4630 621 4693 Eadem
645 4634 729 4695 nohis
754 4636 861 4709 pileolo
887 4636 945 4698 duo
967 4639 1128 4701 holoserica
1153 4642 1378 4715 oompararimus
1404 4631 1572 4699 Eudaimon

424 4754 482 4797 nuo
501 4738 687 4799 honorantes.
725 4740 836 4802 Eadem
854 4743 1032 4804 lieentiatnm
1045 4744 1142 4805 Maior
1164 4746 1201 4805 ad
1222 4747 1323 4807 ducem
1337 4744 1498 4807 Udalrioum
1517 4752 1572 4815 1³¹⁰·

423 4840 529 4903 feotnm
544 4861 608 4905 esse
621 4846 821 4922 rumpotinus.
