3700 5692
822 741 882 805 tet

266 920 350 979 aliter
363 919 429 979 fieri
443 920 556 992 nequiit,
581 919 717 979 obediens
736 937 789 992 per
810 922 914 980 omnia
952 921 1051 979 Sedsi
1073 935 1130 979 non
1146 922 1338 981 neeessariam
1352 920 1436 997 foret,

265 1024 341 1084 idern
355 1030 442 1083 assat
465 1024 511 1083 Ad
525 1024 807 1083 baecAtrebatensisz
827 1026 891 1084 lloo
904 1022 973 1083 iecit
987 1024 1043 1085 dux
1058 1025 1211 1085 Udclricas
1226 1026 1438 1101 aWirtauberg

265 1135 294 1188 et
307 1131 393 1188 malti
406 1130 523 1187 maximi
535 1129 601 1209 uiri,
617 1146 669 1188 aec
685 1129 772 1189 ducat
784 1145 880 1189 comes
893 1135 960 1188 taus
975 1130 1030 1191 hcc
1041 1130 1082 1189 illi
1093 1130 1137 1189 vel
1148 1129 1282 1191 dedecori
1294 1132 1341 1190 vei
1356 1134 1437 1191 oneri

264 1251 328 1294 esse
343 1240 398 1294 aa.
437 1235 491 1292 llis
513 1235 624 1308 viglius
647 1234 772 1294 addidit:
802 1234 887 1294 certa
906 1232 1035 1292 futurum
1054 1240 1116 1308 est,
1147 1240 1181 1293 at
1199 1250 1296 1293 omnes
1317 1236 1436 1294 comites

264 1339 486 1397 Waldecceases
501 1354 599 1399 coram
621 1354 748 1398 casarea
760 1341 913 1413 maiestate
935 1340 965 1396 in
980 1339 1098 1413 propria
1118 1353 1244 1413 persona
1258 1339 1371 1397 veniam
1385 1338 1435 1399 de·

263 1445 377 1515 precari
392 1448 534 1515 oporteat

352 1548 477 1608 Domine
496 1550 582 1621 lesu,
604 1549 649 1607 cai
664 1549 748 1621 J'ussa
769 1549 870 1605 carni
890 1548 981 1621 patris
1002 1548 1045 1605 tui
1066 1563 1150 1607 omne
1171 1562 1246 1621 gena
1267 1547 1434 1619 caelestium,

262 1655 445 1711 terrestrium
460 1658 490 1711 ιι
504 1652 660 1712 intereram
673 1652 777 1711 morito
797 1667 832 1710 ac
843 1652 922 1724 iuste
946 1650 1086 1724 flectitur,
1109 1652 1147 1711 da
1168 1658 1200 1711 at
1220 1653 1261 1711 ita
1276 1669 1391 1711 summae
1406 1654 1436 1712 in
1561 1642 1565 1648 ’

262 1742 360 1816 terris'
365 1758 501 1829 potestati
516 1757 656 1828 obediam,
672 1772 709 1815 ue
722 1763 790 1815 taus
804 1762 902 1815 umen
914 1756 1008 1815 honor
1022 1755 1154 1815 laedatur.

352 1860 544 1935 Piuzingerns
558 1860 631 1919 nihil
645 1860 739 1919 adhuc
752 1860 854 1919 effecit.
876 1860 905 1919 Α
919 1861 1042 1934 prandio
1061 1860 1091 1917 in
1106 1859 1199 1917 hortis
1213 1860 1315 1920 Jacobi
1329 1860 1437 1920 Adeler

262 1965 489 2026 deambulamus.
533 1967 707 2039 Supervenit
724 1971 819 2023 autem
835 1964 937 2023 doctor
957 1963 1113 2023 Catzmauu
1138 1963 1361 2038 Fritabsrieneis,
1387 1966 1436 2039 qai

261 2072 399 2144 episcopo
413 2068 452 2127 ab
466 2069 644 2127 Hildesbeim
659 2086 677 2127 a
691 2071 809 2128 secretis
824 2074 854 2127 et
869 2068 996 2130 consiliis
1011 2074 1064 2126 est.

351 2174 434 2231 Inter
448 2172 592 2232 Datlebea
605 2175 770 2247 episcopum
784 2172 1062 2233 llildesheimensem
1078 2177 1108 2230 et
1121 2172 1277 2231 Hearicam
1293 2173 1434 2229 seniorem

261 2279 364 2337 ducem
380 2294 399 2335 a
413 2278 618 2351 Braunscbaig
636 2281 679 2336 ita
691 2277 753 2337 iere
767 2282 939 2337 conventam
955 2282 1010 2349 est,
1033 2282 1066 2334 ut
1084 2276 1234 2349 episcopus
1249 2276 1321 2335 duas
1336 2280 1434 2349 partes

261 2387 424 2440 casaorum
442 2386 473 2439 et
495 2398 634 2454 pagorum
653 2384 797 2455 acciperat
812 2388 841 2441 et
856 2382 973 2440 tertiam
995 2386 1107 2453 partem
1122 2382 1183 2453 ejas
1199 2380 1325 2453 ditionis,
1350 2396 1434 2453 qaam

256 2488 326 2559 jare
340 2487 528 2559 pignoratitia
543 2487 712 2560 possideret,
728 2485 819 2545 donec
833 2487 985 2561 episcopus
997 2481 1143 2543 commode
1158 2500 1220 2543 eam
1236 2502 1289 2557 pro
1304 2486 1433 2557 pecaniae

260 2606 383 2661 summa,
399 2606 486 2662 quam
500 2606 591 2651 caesar
605 2608 659 2662 pro
673 2607 758 2665 aequo
773 2596 804 2649 et
814 2592 894 2663 justo
909 2590 1037 2662 duceret,
1052 2589 1195 2647 redimere
1209 2595 1315 2661 posset.

351 2694 431 2753 Nota
444 2694 532 2755 uicies
551 2700 673 2754 centem
691 2696 782 2754 miliia
802 2695 947 2753 nnmmdm
964 2710 985 2752 a
1005 2692 1124 2752 subditis
1139 2692 1433 2753 Hildesbeimeasibus

261 2797 408 2857 Hearicus
424 2798 483 2857 dux
496 2800 534 2856 ab
549 2815 584 2857 eo
597 2805 737 2872 tempore,
760 2816 816 2873 qao
830 2802 954 2874 primum
975 2798 1048 2857 bene
1063 2800 1243 2871 episcopatus
1258 2803 1370 2871 partera
1385 2814 1432 2856 oe·

262 2905 389 2976 cupavit,
405 2904 562 2961 commisse
576 2904 690 2962 dicitur.
713 2906 785 2963 liaeo
799 2922 908 2965 summa
922 2910 953 2963 et
972 2919 1105 2975 expensae
1118 2904 1210 2963 litium
1222 2903 1308 2959 simul
1323 2906 1352 2959 et
1366 2902 1432 2959 red-

260 3007 340 3065 ditas
361 3006 452 3064 annai
475 3006 613 3065 hactenus
636 3010 746 3081 recepti
764 3010 891 3067 ilenrico
917 3009 984 3066 duci
1013 3024 1183 3081 permanere
1201 3007 1353 3066 debebant.
1390 3005 1434 3063 Aa

259 3112 406 3169 Hearicas
421 3110 479 3169 dax
493 3113 613 3183 quesita
627 3115 843 3186 opportunitate
857 3112 989 3185 Augusta
1009 3113 1140 3171 discessit
1154 3117 1308 3184 antequam
1321 3111 1352 3168 hi
1367 3126 1433 3183 pro-

260 3231 359 3273 cessus
374 3218 540 3273 contractus
555 3214 654 3287 perfici
667 3221 793 3289 possent.
830 3216 911 3273 Idem
924 3215 984 3273 dax
1000 3214 1104 3273 dieitur
1120 3215 1316 3273 Goslarienses
1332 3216 1431 3287 postli-

259 3319 350 3378 minio
367 3318 479 3376 duriter
493 3317 632 3393 affligere

350 3422 420 3481 Dux
433 3423 538 3481 Encas
552 3440 572 3482 a
584 3424 790 3498 Braanscbuig
810 3424 946 3497 proximis
969 3423 1013 3481 his
1029 3421 1128 3481 diebus
1143 3436 1159 3478 e
1175 3420 1284 3478 balneis
1302 3421 1431 3478 Wiesba-

260 3528 319 3587 dea
333 3527 392 3585 bac
406 3542 471 3585 cam
484 3544 537 3585 sua
551 3528 661 3585 familia
674 3534 753 3587 totas
767 3528 944 3587 holosericae
957 3527 1052 3586 rediit.
1439 3508 1444 3515 ¹

351 3629 463 3689 Eadem
477 3632 620 3691 Henrious
635 3631 726 3692 erait
739 3633 933 3706 Augustanus,
950 3634 999 3705 qai
1014 3632 1151 3690 haetenus
1161 3630 1246 3688 lusto
1257 3629 1432 3688 Colbeobero

263 3736 292 3791 in
308 3734 421 3792 sociam
434 3733 548 3792 additas
563 3742 635 3807 erat,
651 3753 705 3810 per
718 3738 832 3796 liberas
846 3738 940 3810 petiit,
955 3742 988 3795 at
1002 3735 1107 3808 singuli
1122 3735 1301 3793 Weideoiani
1315 3735 1432 3820 comites

262 3840 393 3910 quinque
406 3836 453 3895 uel
467 3855 519 3897 sex
531 3839 672 3911 thaleros,
693 3857 751 3913 quo
771 3856 877 3911 equam
889 3855 1058 3913 comparare
1071 3844 1182 3912 posset,
1205 3838 1247 3897 ilii
1265 3843 1362 3896 mutuo
1383 3839 1432 3897 da-

261 3949 336 4013 rent,
353 3941 520 4001 reddituras
540 3960 604 4001 earn
623 3945 774 4017 pecuniam
788 3944 826 4003 ad
845 3945 991 4019 proximas
1012 3943 1155 4002 nundinas
1175 3941 1431 4003 francofordianas.

262 4046 398 4105 Donatus
413 4051 459 4104 est
471 4048 561 4119 igitar
576 4064 594 4106 a
609 4048 741 4121 Philippo
761 4054 792 4107 et
805 4048 919 4107 Eabalo
942 4064 993 4105 sex
1007 4045 1127 4133 thaleris
1141 4064 1175 4107 ao
1198 4050 1314 4107 servitio
1329 4050 1433 4109 libera·

262 4158 320 4209 tas.
360 4150 538 4211 Verebamur
557 4153 642 4226 enim,
663 4169 699 4210 ne
719 4170 755 4212 ex
775 4152 910 4211 nandmis
924 4150 1167 4211 francofurdianis
1186 4154 1311 4213 calendae
1331 4170 1432 4225 graecae

260 4254 377 4314 fierent.

351 4358 463 4419 Eadem
478 4358 613 4419 Liberius
634 4360 674 4420 ad
687 4360 814 4434 Vigliuar
833 4367 863 4420 et
877 4360 992 4419 Seldam
1007 4362 1110 4421 missas
1126 4369 1186 4436 est,
1203 4368 1235 4420 at
1250 4363 1352 4435 quibus
1368 4368 1431 4419 tan-

261 4463 328 4521 dem
343 4462 522 4521 ceremoniis
537 4466 733 4536 prosternatio
747 4470 816 4523 ante
831 4464 1106 4525 caesmemlaoieadc
1120 4470 1197 4524 esset
1210 4470 1239 4523 at
1253 4466 1355 4538 quibas
1371 4480 1434 4524 uor-

261 4567 307 4625 bis
321 4566 489 4640 deprecatio
508 4566 604 4641 tieret,
627 4570 697 4627 item
717 4585 775 4641 quo
795 4575 939 4643 tempore,
962 4574 1074 4643 peteret
1089 4586 1201 4642 qaoque
1225 4576 1258 4628 nt
1271 4572 1374 4629 litterae
1388 4586 1433 4628 re·

261 4671 403 4731 masona
419 4671 499 4748 (nam
513 4676 545 4729 et
558 4674 650 4731 nostri
664 4672 800 4731 Germani
814 4674 891 4746 quod
904 4675 961 4731 illis
975 4674 1047 4732 bene
1061 4674 1100 4731 sit
1113 4674 1323 4734 Remissbrieae
1339 4672 1433 4732 dicere

262 4774 430 4849 addiscant)
451 4777 699 4837 conscriberentur
718 4783 748 4836 ct
765 4781 845 4850 prius
865 4777 901 4837 ad
922 4776 1071 4852 mandam,
1094 4783 1126 4836 at
1139 4779 1310 4854 loquantur,
1326 4780 1432 4839 scribe·
