3700 5692
889 708 934 774 39

318 893 356 954 sit
370 892 409 955 do
423 892 516 970 nobis,
532 893 600 968 quia
615 907 684 954 caro
699 896 730 952 et
741 891 837 968 pulvis
851 906 948 952 sumus
962 896 993 952 et
1007 891 1084 966 quod
1099 907 1182 954 nemo
1203 910 1262 955 non
1276 895 1430 959 viventium
1444 898 1491 974 sit,

318 999 368 1075 qui
381 1000 463 1076 ruglo
479 999 544 1078 (sed
558 999 629 1075 quid
643 999 708 1060 dico
722 994 837 1074 rugiat)
860 999 917 1057 imo
942 997 1038 1058 multis
1061 997 1194 1059 sordibus
1208 1015 1266 1060 uon
1281 1001 1392 1062 sitnon
1406 1000 1494 1062 infeo-
1566 1049 1570 1060 .

317 1110 373 1181 tus,
396 1110 498 1166 nostra
521 1105 598 1166 mala
618 1103 808 1180 agnoscimus.
846 1102 1034 1176 Quamobrem
1056 1107 1085 1162 te
1101 1103 1277 1178 suppliciter,
1299 1110 1332 1164 ut
1345 1106 1376 1166 iu
1390 1104 1491 1174 taciem

316 1205 390 1286 ejus,
405 1209 443 1271 de
457 1226 515 1286 quo
529 1227 583 1288 per
599 1225 713 1283 seruum
727 1214 809 1269 tuum
823 1207 964 1269 Davidem
977 1207 1113 1281 loquutus
1129 1224 1176 1283 es,
1198 1209 1291 1282 ipsum
1305 1225 1368 1273 esse
1382 1211 1492 1286 specio·

315 1332 380 1390 sum
389 1316 466 1376 intur
475 1313 550 1398 filios
564 1315 709 1376 bominum
719 1314 860 1375 suauitate
872 1314 973 1388 gratiae
989 1311 1167 1374 refectaessc
1178 1314 1256 1374 labia
1269 1331 1330 1390 aua,
1344 1332 1488 1392 quaprop-

316 1428 362 1483 ter
371 1427 434 1482 ettu
440 1421 521 1482 Deus
534 1420 612 1479 illius
623 1417 796 1480 benedixisti
808 1418 852 1478 illi
860 1420 891 1478 in
905 1425 1046 1480 aeternum
1061 1427 1091 1482 et
1103 1421 1210 1482 unxisti
1224 1437 1289 1482 cum
1303 1422 1366 1482 olco
1380 1421 1489 1482 letitiae

315 1543 377 1604 prae
386 1525 567 1588 consortibus
576 1525 645 1600 suis,
653 1521 962 1601 auferentemrugaset
969 1523 1177 1586 deformitatem
1184 1531 1368 1600 pcccatorum
1377 1532 1489 1587 nostro-

315 1647 380 1692 rum
393 1632 485 1705 ipsius
500 1631 568 1704 agni
581 1631 644 1690 sine
656 1630 770 1690 macula
781 1630 924 1705 respicere
939 1629 1065 1706 dIgneris
1074 1631 1272 1706 deprecamur,
1288 1647 1325 1690 ne
1339 1633 1488 1708 permittas

316 1753 370 1797 nos
384 1735 485 1810 nobis,
507 1735 560 1796 sed
581 1735 612 1794 in
633 1734 688 1793 hoc
708 1732 780 1794 Jesu
803 1731 863 1794 filio
886 1740 936 1796 tuo
956 1736 1107 1796 benedicto
1127 1753 1224 1798 omnes
1246 1738 1489 1812 transgressiones

315 1846 432 1904 nostrus
452 1839 537 1902 uobis
558 1839 722 1914 remittens,
746 1837 797 1899 des
818 1836 920 1917 fidem,
945 1839 995 1902 des
1020 1841 1247 1903 emendationem
1268 1844 1335 1902 vitae
1359 1858 1489 1904 necnon

315 1939 530 2026 charitatemssct
543 1945 786 2020 perseuerantiam
800 1959 891 2019 usque
905 1945 943 2005 ud
957 1951 1113 2006 exuemam
1127 1947 1193 2006 vitae
1208 1953 1314 2008 nostrae
1329 1948 1488 2024 periodum,

289 2075 297 2094 ι
315 2067 369 2128 per
391 2050 517 2112 eundem
535 2049 688 2112 Dominum
711 2052 841 2110 nostrum
868 2050 968 2110 Iasum
991 2049 1149 2128 Christum,
1175 2054 1224 2127 qni
1251 2059 1345 2114 tecum
1366 2054 1437 2114 vivit
1458 2059 1489 2114 et

315 2160 424 2232 regnat
436 2160 492 2215 etc.
1476 2190 1479 2196 ,

406 2260 527 2320 Interim
540 2258 612 2319 illud
625 2258 664 2320 ad
676 2257 752 2319 dem
775 2258 803 2320 d.
821 2256 939 2334 Georgii
962 2261 1097 2336 martyrIs
1114 2260 1257 2338 publicari
1272 2262 1410 2338 debebat,
1434 2263 1486 2324 sed

315 2367 433 2428 interim
447 2365 520 2426 nihil
533 2363 576 2425 fic.

404 2472 483 2545 xxvij
498 2472 529 2530 iu
543 2468 605 2531 aede
619 2469 750 2530 Mauritii
764 2467 955 2546 wolfgangus
969 2468 1117 2530 Musculus
1132 2471 1316 2532 concionatus
1332 2476 1386 2548 est,
1399 2487 1483 2533 euar-

315 2593 383 2639 rans
402 2577 466 2636 hac
485 2576 587 2636 uerba:
611 2575 664 2635 Ille
685 2590 738 2635 vos
753 2574 866 2636 docebit
887 2577 983 2636 omnia
1003 2581 1033 2636 et
1046 2583 1181 2653 suggeret
1194 2576 1277 2638 uobis
1298 2579 1485 2653 omniaque
1551 2575 1554 2582 ’

312 2681 373 2743 dixi
396 2682 488 2757 vobIs,
513 2697 549 2741 ex
563 2697 626 2756 cap.
646 2684 686 2740 14
700 2681 831 2742 Ioannis.
870 2682 906 2740 In
928 2698 1050 2756 quornm
1072 2682 1226 2744 uerborum
1249 2684 1485 2758 explanationes

310 2789 360 2862 xxj
375 2785 487 2862 Aprilis
500 2801 591 2860 usque
604 2787 636 2846 iu
658 2787 733 2846 bunc
747 2786 823 2846 dIem
842 2789 1026 2848 succedaneis
1048 2789 1230 2850 concionibus
1252 2789 1379 2863 perstitit
1393 2788 1483 2849 dissc-

310 2908 389 2966 rens,
404 2891 490 2966 buius
513 2889 638 2951 doctorb
655 2891 818 2952 doctrinam
838 2892 904 2967 plus
927 2894 998 2952 satis
1013 2894 1052 2955 ad
1073 2893 1210 2954 discenda
1224 2894 1329 2968 omnia,
1352 2910 1417 2968 quae
1431 2911 1483 2954 no-

310 3003 400 3058 stram
415 3001 446 3056 et
458 2993 545 3056 fidem
559 3001 589 3056 et
603 2996 724 3056 salutem
738 3003 922 3072 concernunt,
939 3013 1010 3057 esse.
1043 2997 1203 3074 Sufficiens,
1219 2999 1321 3074 inquit,
1337 2999 1485 3060 adomnia

311 3102 444 3162 doctrina
457 3102 616 3178 apostolica
630 3107 683 3178 est,
707 3105 737 3160 et
756 3102 885 3175 muter
908 3117 1030 3176 peccare
1045 3103 1208 3177 quicunque
1229 3102 1382 3164 humanam
1397 3121 1485 3180 super

311 3208 387 3286 banc
401 3210 533 3279 munuc,
557 3209 590 3264 ut
613 3221 690 3281 papa
711 3209 742 3264 et
755 3205 801 3264 sui
814 3203 953 3264 hactenus
968 3204 1108 3267 fecerunt.
1146 3209 1220 3267 Item
1235 3223 1321 3282 quam
1336 3209 1406 3272 nibil
1421 3211 1485 3270 sani

311 3313 361 3388 sit,
382 3312 434 3392 ubi
452 3311 500 3370 hic
512 3311 613 3372 doctor
636 3328 695 3372 uon
718 3311 802 3372 adsIt.
841 3311 914 3370 Item
935 3325 1019 3383 quam
1034 3312 1248 3383 prorsus'nihil
1269 3313 1338 3373 boni
1352 3329 1389 3374 ex
1402 3315 1485 3376 nobis

310 3420 381 3496 ipsis
395 3433 526 3494 agamus,
546 3421 577 3476 et
595 3432 681 3489 quam
700 3418 789 3494 etiam
810 3418 963 3489 corruptus
978 3415 1017 3473 sit
1034 3412 1099 3474 lons
1120 3414 1175 3474 istc
1189 3417 1343 3490 memoriae,
1367 3418 1423 3476 nisi
1437 3417 1484 3477 bic

311 3524 413 3584 doctor
431 3522 528 3586 omnia
547 3523 736 3596 suggesserit,
760 3521 849 3594 idque
867 3520 990 3580 maxime
1014 3535 1048 3580 eo
1069 3526 1237 3593 argumento
1260 3521 1379 3595 liquere,
1405 3521 1482 3596 quod

309 3628 440 3706 puerulis
454 3642 564 3686 summa
579 3626 729 3701 diligentia
747 3628 795 3686 vix
808 3624 932 3701 paucula
950 3623 1039 3684 vcrba
1059 3623 1207 3684 dominicae
1228 3626 1366 3685 orationis
1388 3625 1481 3686 incul-

254 3763 257 3767 ·
311 3749 377 3794 care
392 3748 541 3808 queamus,
557 3739 587 3793 et
600 3748 687 3806 quam
700 3731 781 3792 labili
796 3747 832 3792 ea
845 3733 917 3805 ipsa,
934 3744 999 3803 quoe
1014 3727 1175 3805 didicerint,
1195 3729 1332 3790 memcrIa
1353 3734 1480 3792 teneam

309 3839 418 3899 Verum
432 3838 458 3896 si
472 3836 554 3896 uobis
574 3835 651 3896 forte
670 3853 729 3921 nou
748 3836 995 3898 considerantibus
1018 3836 1089 3909 quid
1111 3841 1197 3912 turpe
1211 3838 1263 3897 aut
1276 3835 1404 3896 obscoeni
1416 3852 1479 3914 ser-

309 3944 403 4004 monis
417 3942 601 4004 audientibus
614 3942 742 4018 puerulis
751 3941 898 4017 exciderit,
913 3942 946 4001 id
959 3957 1026 4002 mox
1040 3940 1147 4018 patulis
1163 3941 1280 4002 auribus
1292 3942 1438 4016 arripiunt
1452 3948 1482 4003 et

309 4048 383 4110 adeo
403 4047 488 4109 avide
509 4049 540 4106 in
563 4053 674 4108 mentes
697 4048 911 4123 transmittunt,
936 4052 970 4107 ut
988 4065 1097 4108 summa
1116 4048 1202 4108 etiam
1224 4048 1343 4108 solertia
1358 4065 1430 4124 opus
1443 4050 1482 4109 sit

309 4154 372 4214 luc
385 4153 444 4213 illis
459 4152 581 4228 eripere.
618 4153 692 4213 Item
706 4168 797 4227 quare
813 4151 943 4212 Christus
958 4153 1064 4230 diruerit
1082 4155 1152 4214 «Ille
1167 4154 1282 4214 docebit
1295 4156 1398 4230 omnia,
1415 4172 1480 4229 qum

309 4259 368 4320 dini
382 4259 465 4321 vobis
480 4262 510 4317 et
520 4273 579 4317 non
590 4258 687 4334 potius
702 4274 766 4332 quae
780 4255 854 4318 foci»
867 4262 932 4333 etc,
947 4259 1093 4319 adducens
1108 4274 1197 4334 opera
1207 4258 1313 4318 (lbrIsti
1326 4257 1404 4318 bota
1419 4274 1481 4318 esso

310 4381 346 4426 ex
361 4364 531 4442 operatione
546 4365 652 4440 patris,
676 4364 714 4424 ad
727 4381 764 4424 ea
777 4365 817 4426 ad
831 4381 895 4438 quae
917 4365 1080 4425 neccssaria
1095 4368 1125 4423 et
1138 4363 1286 4424 commoda
1299 4363 1480 4438 videbantur,

310 4471 384 4530 sicum
397 4470 530 4548 leprosos
543 4468 703 4544 mundaris,
718 4471 801 4530 caus
815 4470 907 4532 uisum
922 4469 1049 4530 restituit
1062 4473 1092 4528 et
1104 4473 1233 4529 mortuos
1247 4467 1428 4528 resuscitavit
1441 4468 1481 4529 ad

313 4576 467 4636 vltametc.
483 4591 536 4634 uec
549 4590 611 4650 nos,
627 4579 661 4634 ut
668 4575 763 4634 omnia
771 4572 877 4635 Christi
892 4572 982 4650 opera
995 4574 1150 4646 imitemur,
1162 4572 1263 4646 teucri,
1279 4570 1330 4632 sed
1344 4577 1377 4633 ut
1391 4574 1480 4634 verba

312 4681 374 4754 ejus
395 4681 568 4756 recipiamus
592 4686 622 4741 et
641 4681 679 4741 ad
698 4681 803 4741 horum-
821 4686 980 4756 praccepta,
1001 4680 1087 4752 iuxta
1100 4677 1217 4751 spiritus
1239 4677 1316 4738 illius
1330 4693 1438 4757 uocem,
1462 4697 1480 4740 a

312 4785 366 4848 deo
379 4766 465 4863 patre
485 4790 515 4847 ct
529 4782 589 4845 filio
613 4785 645 4844 in
662 4785 718 4846 boc
738 4785 825 4862 muso
845 4783 932 4848 fidem
947 4791 976 4848 et
990 4785 1079 4848 vitam
1102 4788 1230 4846 nostram
1244 4783 1404 4861 instituere,
1426 4801 1480 4846 nos
