3700 5692
980 760 1044 825 lau

423 920 481 1003 lius
496 951 550 1003 etc.
590 944 664 1003 Nam
679 941 817 1015 supprimi
832 940 917 1000 debet
935 942 967 1013 is,
984 942 1034 1013 qui
1048 940 1133 1001 modo
1150 946 1202 1016 est,
1218 942 1366 1015 religionis
1381 946 1477 1002 status.
1512 942 1574 1015 Quid

426 1050 562 1109 iaciemus
576 1045 713 1109 undem?
732 1048 772 1105 Et
784 1048 827 1105 ita
840 1064 859 1105 a
873 1046 980 1118 templo
995 1044 1128 1104 Mauricii
1150 1047 1272 1106 invicem
1291 1062 1449 1106 sermonem
1469 1049 1572 1121 protuli·

427 1172 490 1213 mus
504 1154 596 1213 donec
609 1155 641 1212 iu
654 1151 748 1210 iorum
763 1156 831 1209 aute
847 1152 962 1210 domum
977 1152 1151 1209 senatoriam
1166 1150 1196 1208 in
1210 1151 1301 1208 latum
1316 1152 1386 1209 illud
1400 1154 1523 1225 spatium,
1536 1152 1576 1210 ubi

427 1276 446 1319 a
460 1259 569 1318 dextris
592 1256 766 1333 patibulum,
789 1272 808 1314 a
827 1256 951 1313 sinistris
972 1252 1152 1313 adificiolum
1166 1254 1244 1313 istud
1258 1270 1295 1313 ex
1310 1256 1452 1315 asseribus
1465 1272 1575 1329 compac-

426 1371 496 1438 tum,
517 1364 547 1421 in
570 1380 627 1436 quo
641 1360 863 1433 Vogelsbergius
878 1361 973 1433 capite
987 1360 1088 1433 plexus
1103 1364 1176 1432 crat,
1199 1358 1375 1420 devenimus.
1422 1361 1506 1419 Novit
1519 1360 1576 1419 deus

426 1469 572 1542 inspector
587 1468 696 1539 cordis,
732 1468 797 1538 quis
818 1465 958 1522 sintontes
973 1468 1024 1522 aut
1038 1478 1105 1522 non.
1143 1462 1188 1522 Re
1209 1464 1274 1537 ipsa
1293 1470 1390 1523 ιιιιιιι
1411 1464 1577 1539 comperimus

426 1574 518 1645 magis
532 1570 652 1631 infestas
667 1586 729 1629 esse
744 1584 869 1627 summas
884 1573 1042 1641 potestates
1051 1584 1121 1640 erga
1132 1569 1283 1627 vamtatem
1294 1570 1503 1640 amplectentes.
1518 1568 1578 1638 Quia

426 1678 515 1749 igitur
534 1678 607 1734 hora
626 1681 802 1748 accesserat,
824 1691 882 1746 qua
904 1675 1012 1732 curiam
1035 1673 1215 1732 consultandi
1236 1674 1330 1745 gratia
1350 1678 1465 1745 petunt,
1481 1672 1577 1730 domino

426 1780 536 1838 Jacobo
559 1780 660 1838 moad
681 1779 835 1840 amicitiam
857 1785 887 1838 ct
907 1776 1002 1837 officia
1025 1777 1127 1851 obtuli,
1156 1792 1263 1851 rogans
1285 1782 1317 1835 ut
1339 1776 1467 1835 Martino
1484 1776 1578 1833 Buoero

427 1900 493 1944 mco
508 1886 622 1944 nomine
636 1885 757 1943 salutem
772 1882 889 1943 diceret.
923 1882 948 1941 0
963 1888 1102 1956 tempora,
1118 1898 1135 1941 o
1150 1884 1258 1940 mores!
1287 1882 1425 1955 Respice,
1441 1898 1458 1941 o
1473 1879 1579 1952 deus,in

427 1988 529 2047 faciem
545 1988 651 2047 Christi
666 1990 709 2049 tui
724 1994 754 2047 et
768 1992 908 2047 memento
923 1988 1121 2060 promissionis
1135 1990 1207 2058 tuoe,
1229 1987 1279 2058 qui
1293 1984 1395 2043 lallare
1411 1985 1515 2058 nequis.
1535 1982 1578 2039 Di-

425 2094 493 2181 xisti
509 2095 601 2167 enim,
623 2094 848 2153 misericordiam
866 2098 945 2151 tuam
965 2096 994 2151 te
1015 2108 1073 2151 non
1088 2090 1251 2149 ablaturum
1266 2106 1284 2149 a
1298 2091 1423 2163 posteris
1437 2094 1466 2149 et
1479 2088 1579 2147 colere

426 2198 509 2258 dibus
523 2198 643 2258 Doridis
657 2200 734 2257 illins
749 2199 862 2271 mystici
876 2196 929 2255 tilii
943 2198 986 2255 tui
1000 2197 1071 2255 Jesu
1085 2194 1236 2256 benedicti.
1269 2194 1342 2268 Cito,
1359 2195 1417 2253 cito
1432 2210 1483 2252 nos
1497 2191 1580 2252 muci·

426 2307 498 2376 pent
512 2304 715 2363 misericordiae
731 2309 802 2376 tua,
825 2302 1011 2376 pauperiores
1027 2301 1101 2357 euim
1122 2314 1234 2374 sumus,
1261 2316 1346 2373 quam
1365 2301 1423 2373 ipsi
1443 2312 1580 2371 agnoscere

427 2422 573 2479 queamus.
597 2410 705 2468 Verum
718 2412 770 2466 tua
784 2414 884 2465 mnata
897 2405 1031 2466 voluntas
1045 2402 1106 2464 fiat.
1129 2402 1230 2462 Amen.
1316 2440 1320 2447 -

514 2512 625 2571 Eadem
640 2519 708 2572 ante
724 2513 889 2571 concionem
911 2508 988 2569 infra
1003 2512 1131 2582 quintam
1146 2515 1176 2568 ct
1190 2510 1339 2583 septimam
1354 2510 1443 2567 horas
1458 2507 1579 2581 capitula·

427 2617 534 2676 tionem
548 2634 649 2675 manus
664 2633 736 2675 mea
751 2616 960 2689 subscriptione
975 2619 1004 2673 ιι
1019 2614 1125 2674 annulo
1140 2614 1297 2686 signatorio
1312 2616 1343 2671 iu
1357 2614 1484 2688 hospitio
1497 2616 1580 2671 nostro

426 2720 674 2779 corroboravimus
690 2720 754 2797 (ren
769 2736 888 2795 regnum
901 2716 1162 2793 adve1·te)aceam
1182 2718 1299 2777 Liborio
1316 2718 1480 2777 doctoribus
1500 2713 1579 2787 Vigilo

427 2830 457 2884 et
472 2825 558 2884 Saldo
573 2823 747 2883 offerendum
763 2825 901 2897 dammas,
918 2826 967 2899 qui
981 2831 1120 2898 utrosque
1135 2840 1193 2882 una
1211 2825 1319 2895 reperit
1333 2822 1443 2895 diceus,
1459 2818 1580 2895 capitulu-

426 2930 534 2989 tionem
554 2929 671 3001 quidem
688 2936 720 2989 ut
735 2931 890 3003 jussissent
910 2946 963 3003 per
984 2946 1029 2988 me
1048 2929 1250 3002 subscriptam,
1280 2932 1408 2986 attamen
1431 2944 1476 2985 me
1493 2927 1581 2985 bonam

427 3049 508 3107 spem
523 3034 685 3105 concepisse
705 3041 734 3093 ιι
748 3035 871 3109 idipsum
890 3050 1003 3108 quoque
1024 3050 1069 3093 me
1092 3035 1129 3092 ab
1144 3035 1186 3092 eis
1207 3037 1318 3105 petere,
1339 3038 1372 3111 ut
1386 3033 1414 3091 si
1429 3049 1485 3105 qna
1498 3032 1581 3103 posset

428 3136 502 3210 fieri,
519 3153 627 3217 summa
641 3140 826 3199 minneretur.
865 3141 920 3199 Ast
933 3145 1029 3198 manet
1044 3138 1196 3198 immobilis
1209 3137 1358 3209 Marpesia
1373 3144 1486 3197 cautes.
1522 3131 1581 3204 Quia

427 3248 523 3301 autem
538 3242 608 3301 nibil
622 3243 725 3303 horum
738 3242 803 3303 lieri
817 3261 901 3317 posse
914 3244 1045 3317 cognovi,
1061 3260 1110 3302 eos
1125 3242 1235 3315 rogavi,
1251 3244 1284 3298 ιιι
1299 3242 1530 3315 capitulationem
1543 3252 1580 3296 ac·

426 3347 555 3419 ciperani
569 3346 753 3407 attrebatensi
771 3366 825 3422 per
845 3349 968 3407 alterum
984 3363 1084 3406 eorum
1098 3344 1285 3419 offerendam,
1309 3344 1387 3418 qnod
1403 3346 1513 3419 Viglius
1527 3339 1580 3400 Zui-
1642 3346 1643 3419 j

428 3452 534 3509 cherlus
548 3468 580 3510 se
594 3451 738 3512 iacturum
752 3455 870 3527 recepit.
893 3453 1041 3511 Adeuntes
1055 3458 1152 3511 autem
1165 3451 1195 3509 hi
1211 3449 1267 3509 duo
1281 3448 1512 3520 Atrebati-ensem,
1525 3445 1581 3517 Vig-
1642 3474 1643 3487 ι

402 3638 406 3644 ⁴
426 3556 492 3629 lius,
508 3558 603 3616 nescio
618 3558 713 3617 studio
727 3576 765 3617 au
779 3558 889 3616 incuria
902 3556 1016 3630 fecerit,
1041 3555 1149 3630 ajebat,
1172 3572 1203 3615 se
1219 3556 1295 3615 domi
1310 3570 1370 3612 suoe
1386 3547 1582 3628 capitulationis

428 3661 548 3720 oblitum
562 3660 658 3721 inisse.
698 3661 852 3722 Commode
874 3669 970 3720 autem
985 3660 1102 3734 accidit,
1126 3665 1158 3718 nt
1173 3660 1278 3718 Florus
1299 3660 1361 3731 ipse
1376 3656 1583 3717 Atrebatcusem

428 3767 594 3825 conveniret
600 3773 654 3826 eto.
669 3767 712 3824 Ao
726 3767 924 3840 petiitntJ'am
933 3766 1029 3825 obluta
1043 3764 1248 3839 capitulatione
1260 3780 1308 3823 ros
1320 3780 1354 3822 eo
1370 3762 1458 3836 dirigi
1472 3761 1582 3836 possent,

427 3886 468 3929 ne
482 3871 597 3946 (Ιιιιιίιιι,
614 3874 691 3945 quod
706 3873 806 3945 utique
819 3872 942 3930 maximo
957 3886 1085 3929 mearum
1099 3886 1197 3928 rerum
1211 3869 1360 3942 dispendio
1375 3867 1468 3942 lieret,
1491 3864 1583 3923 umora

427 3973 474 4031 bic
489 3975 641 4049 detineret,
656 3983 686 4035 et
701 3983 733 4035 ut
746 3978 852 4036 litterae
867 3976 1055 4035 absolutionis
1070 3992 1133 4033 cum
1147 3974 1276 4033 articulis
1291 3974 1410 4045 abquot,
1427 3987 1498 4045 quos
1513 3972 1584 4028 antea

427 4078 532 4137 Florus
547 4084 717 4153 mutaverat,
733 4081 874 4140 conscribi
888 4087 1015 4154 possent.
1039 4079 1237 4139 attrebatensis
1252 4082 1348 4136 autem
1362 4077 1479 4136 interim
1492 4074 1582 4149 gloria·
1642 4122 1643 4131 ,

428 4190 474 4243 tus
490 4188 543 4259 ast,
560 4200 645 4257 quam
667 4186 811 4259 egregiam
830 4201 947 4259 operam
971 4185 1062 4243 noemi
1076 4200 1145 4258 erpo
1160 4155 1302 4242 navasset.
1340 4181 1434 4254 Nosti,
1451 4180 1545 4253 inquit,
1559 4182 1584 4232 tu

427 4288 543 4349 domine
556 4293 587 4347 et
600 4290 662 4363 ipse
673 4288 770 4349 vidisti
785 4290 855 4364 quid
868 4291 985 4365 egerim,
999 4294 1028 4348 st
1041 4287 1135 4347 adhuc
1148 4304 1206 4347 uon
1220 4286 1338 4345 cessabo
1354 4285 1463 4343 domini
1478 4284 1517 4343 tui
1530 4294 1584 4353 pro

429 4393 535 4453 fectum
551 4410 688 4468 quaerere.
728 4397 770 4455 Ao
789 4396 831 4455 sio
845 4394 964 4454 Liborio
982 4394 1127 4466 paululum
1149 4397 1300 4466 expectare
1315 4383 1396 4463 ,iusso
1420 4390 1533 4451 tandem
1546 4398 1583 4441 re·

428 4512 528 4556 versus
539 4501 596 4557 ait:
612 4501 639 4558 A
653 4499 777 4573 prandio
791 4501 896 4558 iterum
909 4515 955 4559 me
970 4498 1124 4559 convenias
1139 4512 1223 4556 cura.

517 4602 642 4663 Conatus
656 4611 752 4665 autem
758 4604 893 4664 Liborius
907 4604 1135 4677 provolutiouem
1145 4601 1183 4661 ad
1193 4601 1281 4675 pedes
1297 4602 1410 4661 casaris
1420 4600 1446 4659 si
1461 4613 1515 4671 qua
1529 4607 1583 4667 pos·

428 4714 473 4766 sat
486 4708 606 4766 amoliri.
643 4710 750 4767 Verum
765 4709 918 4784 episcopus
939 4708 1091 4767 subridens
1111 4707 1142 4766 id
1156 4706 1278 4765 mamma
1291 4704 1354 4765 lieri
1369 4702 1524 4777 oportebit,
1538 4698 1581 4764 ιιι

429 4825 519 4882 quare
532 4812 588 4873 hoc
602 4820 668 4872 tuus
683 4828 777 4873 comcs
792 4815 865 4873 nolit
878 4812 994 4875 iacere?
1018 4811 1118 4871 Faciet
1132 4809 1269 4884 prolecto,
1291 4812 1384 4883 inquit
1398 4808 1542 4876 Liberius,
1564 4800 1584 4855 si
