3700 5692
876 767 921 836 35

312 950 448 1026 ostendit,
470 949 521 1011 nbi
534 951 720 1023 conqueritur
733 951 838 1011 multos
853 955 930 1025 essa,
952 951 1002 1022 qni
1014 951 1140 1025 parietes
1154 959 1330 1014 marmoreos
1350 955 1476 1032 exigant,

311 1056 415 1116 altaria
429 1057 549 1130 gemmis
565 1058 594 1114 et
608 1071 681 1115 auro
696 1062 809 1131 ornent,
824 1057 1021 1117 ministrorum
1036 1061 1132 1118 autem
1147 1059 1255 1118 nullam
1269 1057 1333 1119 fieri
1349 1042 1476 1121 dilectio-

311 1177 374 1221 nem
390 1166 444 1220 ete.
467 1159 504 1221 Id
517 1163 610 1236 ipsum
625 1157 897 1235 quoqucMusculns
911 1178 947 1221 ex
961 1163 1024 1222 aliie
1038 1169 1152 1237 pat-rum
1163 1163 1246 1223 dictis
1257 1155 1393 1240 probans,
1409 1181 1477 1226 con·

310 1282 448 1341 querens,
472 1267 527 1326 etsi
541 1270 639 1341 patres
654 1281 713 1325 non
727 1267 759 1324 in
773 1265 903 1326 omnibus
919 1283 1017 1326 eorum
1032 1269 1146 1343 scriptis
1165 1259 1306 1343 probandi
1326 1271 1395 1344 sint,
1414 1259 1495 1358 'non'

309 1377 406 1432 tamen
419 1373 524 1446 majori
539 1371 689 1446 diligentia
703 1370 741 1430 ab
755 1368 928 1430 adversariis
943 1373 974 1431 in
988 1373 1108 1448 singulis
1124 1371 1269 1448 explorari
1284 1379 1338 1434 eto.
1365 1373 1475 1450 Propo-

308 1477 366 1534 snit
379 1481 523 1549 preterea
538 1477 749 1537 ordinationem
763 1475 957 1535 ministrorum
977 1494 1030 1551 per
1050 1481 1179 1554 papistas
1199 1483 1229 1538 et
1247 1495 1301 1554 per
1322 1479 1477 1540 antithesin

307 1581 519 1656 ministrorum,
541 1597 613 1654 quos
627 1582 746 1656 spiritus
761 1581 923 1654 paracletus
938 1583 1388 1657 voeatetinstituit.·'1temquo
1403 1586 1476 1646 reci-

308 1686 404 1745 derint
424 1703 472 1746 res
491 1687 633 1761 ecclesiae,
661 1685 795 1744 nimirum
813 1683 852 1744 ad
870 1687 999 1760 speciosa
1018 1689 1120 1763 verba,
1150 1690 1258 1764 templa
1277 1691 1414 1764 regaliter
1433 1692 1476 1750 in-

307 1795 428 1865 structa,
443 1791 595 1850 mnsmnn
609 1791 874 1865 contaminationes,
890 1790 958 1852 dum
972 1793 1087 1852 interim
1103 1795 1298 1868 negliguntur,
1315 1797 1364 1868 qui
1375 1797 1478 1870 spiritu

243 1946 245 1950 ,
307 1900 336 1954 ct
350 1896 475 1956 veriats
489 1895 635 1968 instructi,
650 1889 854 1954 mmmnnenlae
868 1900 1112 1958 sacramentorum
1127 1898 1172 1976 (ut
1186 1898 1301 1976 vocant)
1318 1907 1398 1975 suot,
1414 1917 1479 1960 oum

305 1997 386 2060 mdes
396 2015 488 2059 aurea
501 2004 598 2058 minen
613 2000 651 2058 sit
664 2015 755 2074 purus
768 1999 863 2076 homo,
880 2003 930 2074 qni
944 1999 1000 2060 fide
1015 2003 1134 2062 verbum
1148 2003 1203 2063 Dei
1218 2005 1407 2078 ampiectetur
1422 2009 1476 2064 etc.

304 2104 346 2164 Et
359 2105 404 2163 ita
419 2102 456 2163 de
470 2104 593 2163 veritate
608 2104 715 2178 docuit,
730 2110 763 2164 nt
776 2121 873 2165 veram
888 2105 984 2179 iidem,
1001 2108 1191 2167 constantiam
1206 2113 1236 2166 et
1246 2107 1405 2167 doctrinam
1416 2109 1479 2181 ejus

305 2209 380 2268 satis
394 2209 497 2267 mirari
511 2211 618 2283 possm,
640 2210 831 2283 praesentibus
845 2210 921 2284 lupis
936 2217 967 2271 et
980 2227 1049 2271 ursa
1063 2216 1148 2286 rapto
1164 2213 1258 2273 catulo
1277 2227 1342 2271 eum
1357 2214 1476 2272 circum-

305 2311 459 2387 dantibus,
479 2328 534 2372 nec
553 2330 612 2373 non
632 2319 662 2373 et
681 2314 799 2389 aquilis,
820 2330 894 2373 unus
914 2315 962 2374 hio
976 2315 1124 2376 Musculns
1138 2315 1222 2377 bonis'
1236 2315 1433 2376 fulcimentum
1447 2319 1478 2376 in

306 2417 425 2478 cbristo
436 2417 574 2492 Anguem
583 2418 753 2493 degentibus
763 2419 945 2495 adversariis,
960 2421 1079 2480 melleus
1094 2426 1245 2482 conterens
1260 2428 1372 2497 petram
1386 2422 1480 2484 videri

305 2528 414 2599 potest.
437 2523 473 2583 In
487 2523 731 2583 obsecrationibus
745 2526 839 2585 oravit
853 2527 941 2584 etiam
955 2542 1008 2600 pro
1023 2527 1060 2585 iis
1075 2527 1168 2598 quiin
1182 2527 1302 2608 uinculis
1317 2525 1477 2599 obconies-

304 2631 419 2688 sionem
434 2630 562 2690 veritatis
578 2626 785 2704 detinerentur,
801 2645 835 2689 ac
849 2645 902 2704 pro
915 2631 1088 2705 christianis,
1105 2633 1154 2706 qni
1167 2633 1198 2691 in
1208 2635 1401 2708 captivitatem
1415 2637 1428 2692 t
1464 2663 1477 2676 ·

305 2735 400 2793 cicam
414 2733 547 2794 translati
561 2739 638 2794 sunt.
661 2735 728 2794 Non
744 2736 834 2807 enim,
854 2735 961 2810 inquit,
985 2751 1020 2794 eo
1035 2737 1090 2811 ipsi
1105 2743 1171 2796 sunt
1185 2738 1313 2812 pejores,
1336 2736 1412 2810 qnod
1426 2735 1477 2796 ab·

305 2838 387 2898 ducti
401 2844 471 2898 sunt
484 2844 516 2898 et
529 2840 584 2899 snb
597 2844 680 2899 tauto
694 2844 820 2912 tyranno
834 2840 942 2899 viuum.
977 2840 1080 2900 Omnes
1096 2843 1170 2902 enim
1184 2849 1349 2915 peccatores
1372 2857 1478 2916 sumus,

307 2942 423 3004 etiamn
436 2960 495 3003 uon
510 2945 608 3004 statim
621 2943 693 3003 ultio
707 2944 796 3018 adsit,
818 2945 901 3016 juxta
915 2946 1005 3005 verba
1021 2945 1126 3006 Christi
1142 2947 1178 3007 de
1194 2945 1334 3022 Galilaeis,
1356 2961 1478 3020 quorum

307 3050 478 3124 sangninem
491 3047 602 3108 Pilatus
617 3065 680 3108 cum
694 3049 815 3108 metimis
834 3049 996 3109 miscuerat.
1029 3051 1206 3127 Perpulcbre
1225 3049 1373 3112 Musonius
1391 3053 1479 3110 ritum

307 3152 445 3228 loquendi
458 3155 628 3228 papisticum
646 3155 709 3212 «Er
722 3154 774 3212 hat
788 3153 849 3212 sich
863 3154 1032 3214 bericbteun
1045 3157 1179 3217 lassenn»
1196 3173 1249 3231 pro
1266 3173 1314 3232 eo,
1336 3157 1414 3230 qnod
1434 3157 1478 3216 di·

308 3261 411 3334 cimus,
435 3264 679 3318 sacramentorum
693 3274 724 3316 se
738 3259 908 3332 participem
922 3256 990 3318 iecit
1005 3260 1081 3336 (cum
1095 3266 1192 3321 tanmn
1207 3277 1306 3320 earum
1320 3277 1419 3321 rerum
1432 3261 1479 3324 vel

308 3365 367 3424 sint
382 3363 479 3425 edocti
493 3365 539 3423 vel
554 3362 658 3438 sciam)
674 3363 847 3438 explanavit.

396 3468 527 3529 Vidimus
541 3469 572 3526 in
587 3467 650 3526 sede
665 3467 795 3526 Mauritii
808 3469 840 3525 in
854 3469 929 3526 atrio
944 3466 1073 3527 inferiori
1089 3468 1187 3544 templi
1202 3485 1282 3529 arem
1297 3475 1432 3544 erectam,
1447 3471 1478 3528 in

309 3589 367 3647 qua
380 3589 467 3634 coena
480 3572 596 3633 Domini
610 3572 750 3632 celebrari
764 3574 851 3647 solet,
867 3573 905 3632 ed
919 3575 1001 3647 cnjus
1016 3574 1109 3633 latera
1123 3573 1191 3633 hinc
1206 3580 1235 3634 et
1248 3574 1314 3633 hinc
1328 3554 1479 3647 sequentia

307 3679 338 3738 in
351 3684 454 3759 nostra
466 3679 566 3752 lingua
579 3677 718 3737 Actorum
735 3681 753 3735 2
771 3678 915 3753 descripta
929 3681 1025 3738 erant:
1043 3679 1091 3738 Sie
1102 3679 1237 3738 bli'ebenn
1248 3679 1318 3740 aber
1328 3675 1479 3754 besteudig

187 3801 190 3812 ·
308 3785 338 3844 in
351 3784 407 3844 der
420 3783 552 3858 Aposteil
566 3783 654 3858 bobr,
670 3782 749 3843 vnnd
763 3783 815 3841 inn
830 3782 882 3842 der
896 3782 1126 3860 Gemeinsohadb,
1142 3783 1200 3844 vnd
1214 3787 1253 3844 im
1266 3784 1479 3846 brotbrechenn

309 3887 387 3949 uund
401 3887 505 3947 Gebeb.
529 3889 601 3947 Item
617 3887 744 3948 Corinth.
764 3891 813 3947 10.
838 3889 1012 3963 Ibrmueget
1029 3891 1089 3949 nitt
1100 3890 1193 3966 gleich
1211 3891 1382 3966 theilhafftig
1397 3889 1479 3950 seinn

308 3994 357 4054 dea
373 3993 476 4053 Tisebs
499 3993 551 4052 des
573 3992 700 4052 berrenn
720 3993 799 4053 vnnd
822 3994 874 4054 der
896 3993 1017 4054 Tendeil
1040 3995 1140 4070 Tisch,
1163 3999 1213 4056 Ibr
1233 4004 1347 4074 maeget
1367 3999 1410 4057 uit
1429 4014 1479 4056 nu·

309 4101 402 4174 gleiob
417 4099 570 4158 tuincbenn
586 4098 636 4158 des
651 4099 767 4157 Herren
781 4099 873 4158 Kelob
887 4098 944 4159 und
959 4099 1012 4159 der
1026 4099 1147 4161 Teuffell
1161 4101 1261 4163 Kelcb.

397 4202 542 4263 Ardorem
555 4203 655 4276 popuii
668 4201 830 4277 Augustani
844 4204 891 4264 rel
904 4206 999 4279 potius
1014 4205 1201 4279 parvulorum
1216 4223 1285 4282 erga
1299 4205 1419 4266 verbum
1434 4205 1479 4263 di-

308 4311 407 4371 vinum
421 4325 459 4367 ex
471 4308 528 4367 boc
542 4324 578 4367 ea
592 4308 638 4368 die
653 4308 906 4384 consideravimus,
929 4309 1007 4382 quod
1022 4311 1166 4384 quendam
1180 4311 1366 4386 provectioris
1386 4309 1481 4367 aetatis

307 4413 453 4475 bominem
467 4412 601 4488 uidimus,
618 4415 667 4487 qui
681 4429 798 4472 mancus
812 4419 843 4473 et
857 4412 976 4474 claudus
992 4414 1102 4474 duabus
1116 4415 1287 4489 bipennibus
1302 4413 1418 4472 iunixus
1433 4411 1482 4472 vix

308 4536 385 4596 aegre
399 4518 489 4580 sibim
502 4520 622 4578 trabem
642 4519 749 4593 medus
768 4519 1063 4593 aliquotconsoendit
1082 4520 1213 4593 veniens,
1236 4518 1274 4578 ad
1296 4532 1425 4592 scamna,
1449 4515 1484 4574 in

310 4626 415 4700 quibus
428 4638 482 4684 nos
495 4624 677 4698 sedebamus,
694 4639 748 4684 nee
761 4623 818 4684 hoc
830 4625 874 4683 ilii
889 4627 959 4685 satis
975 4629 1051 4697 erat,
1067 4623 1119 4683 sed
1132 4629 1277 4696 utcunque
1291 4623 1399 4697 potuit,
1415 4638 1482 4697 par·

308 4733 360 4790 tim
373 4737 504 4806 reptans,
522 4730 628 4805 partim
641 4744 775 4788 manuum
790 4746 880 4804 opera
893 4737 977 4791 utens
991 4730 1022 4787 in
1036 4730 1186 4804 superiora
1200 4743 1317 4788 scamna
1332 4744 1348 4787 e
1362 4729 1480 4802 regione

310 4836 492 4912 ecciesiastb,
508 4852 565 4911 quo
577 4833 754 4896 commodius
768 4835 834 4896 coeli
847 4849 1010 4911 preconem
1025 4834 1127 4894 andim
1140 4839 1251 4910 posset,
1267 4831 1405 4894 consedi.

626 4932 628 4938 ,
1225 4937 1271 4998 3*
