3700 5692
290 925 391 1000 fuerit,
406 925 527 1001 nobiles,
542 924 701 987 nobilitatis
715 929 746 985 et
759 930 940 985 stemmatum
954 931 987 985 ut
1000 926 1140 987 rationem
1155 926 1290 1002 habeant,
1307 926 1464 1003 admoneri,

291 1046 341 1106 ne,
352 1029 532 1105 utmodofit,
548 1032 672 1089 inomne
681 1031 952 1105 vitiumpraecipites
967 1038 1062 1092 ruant.
1085 1034 1148 1093 Hoc
1157 1034 1243 1093 modo
1251 1050 1335 1107 posse
1343 1034 1466 1110 putabat

291 1135 340 1197 vel
355 1138 586 1196 concionatorem
605 1136 652 1195 uel
666 1142 801 1209 parentas
822 1138 868 1195 vei
881 1135 1118 1211 patremfamilias
1139 1139 1246 1212 alioqui
1261 1156 1337 1213 suos,
1353 1142 1467 1202 minime

291 1258 365 1301 vero
380 1242 550 1315 permissum
568 1242 605 1299 iri
621 1242 744 1315 aliquem
767 1241 838 1301 talia
860 1242 895 1301 de
910 1258 942 1301 se
964 1244 1027 1316 ipso
1050 1243 1160 1317 dicere,
1186 1244 1293 1303 addens
1314 1246 1370 1319 hio,
1388 1247 1465 1318 quod

292 1341 423 1432 κάθαρος
437 1361 539 1420 graeca
555 1345 644 1405 labne
659 1346 790 1423 mundus,
805 1352 917 1406 cataros
933 1347 1098 1423 haereticos,
1122 1349 1199 1421 quod
1222 1364 1252 1409 se
1266 1350 1387 1410 mundos
1403 1366 1465 1410 esse

293 1452 503 1525 gloriarentur,
520 1450 615 1510 duos
631 1468 703 1511 esse.
741 1451 891 1512 Postremo
902 1452 988 1525 iussit
1003 1451 1097 1512 Deum
1113 1470 1164 1514 nos
1179 1470 1277 1529 orare,
1301 1460 1333 1513 ut
1348 1454 1464 1515 verbum

293 1573 378 1617 anum
392 1555 476 1617 nobis
492 1555 598 1615 diutim
618 1557 721 1616 audire
741 1562 771 1616 et
784 1557 935 1630 predicari
949 1558 1118 1635 largiretur,
1143 1576 1199 1632 quo
1221 1560 1251 1617 in
1266 1561 1336 1619 lesu
1352 1560 1465 1619 Christo

294 1665 325 1722 in
339 1663 392 1721 riti
405 1662 457 1721 illa
470 1677 541 1721 vera
555 1662 686 1735 palmites
701 1659 831 1736 irugiieri
846 1661 989 1722 heremus.

384 1766 527 1828 Melchior
541 1785 560 1827 a
573 1768 702 1827 Horstail
717 1773 747 1826 et
762 1768 946 1827 Hermannus
959 1766 1094 1829 Reidesel
1111 1770 1191 1829 nobis
1207 1771 1284 1830 obvii
1299 1770 1378 1830 fiurrt.
1407 1772 1465 1831 Sub

295 1872 418 1948 prandio
433 1873 597 1948 Wuiphilas
612 1872 806 1932 Brabautinus
820 1890 839 1932 a
852 1889 976 1933 aoruca
996 1876 1034 1935 ad
1053 1874 1158 1935 fratres
1173 1881 1287 1935 nostros
1302 1876 1400 1937 literas
1416 1878 1465 1937 de·
1524 1882 1528 1889 '

293 1979 392 2038 ierens
418 1978 510 2051 venit,
536 1978 657 2037 salutem
676 1993 789 2051 quoque
813 1980 958 2037 uxorculae
983 1981 1098 2039 nomine
1119 1979 1223 2038 dicens.
1263 1980 1374 2040 Detulit
1398 1988 1465 2041 eta
1528 2044 1530 2059 ,

295 2082 484 2143 Sobonstadio
497 2088 527 2141 et
536 2084 702 2142 Hermanno
716 2083 813 2142 Nellio
828 2100 900 2142 unas
915 2083 996 2143 uobis
1010 2084 1118 2157 literas,
1135 2082 1212 2143 iacta
1226 2085 1464 2145 abbatisBreide·

293 2188 437 2260 lariensis,
449 2186 627 2248 Flechtoriiii
641 2189 997 2248 etVoikmariensiumetc.
1008 2191 1196 2248 continentes.
1212 2191 1353 2249 loannem
1361 2190 1464 2249 Miioh·

294 2294 403 2369 lingum
415 2293 615 2353 adErnestum
624 2292 724 2353 docem
735 2296 913 2368 miseramus,
930 2294 982 2353 sed
991 2310 1043 2352 nec
1052 2294 1136 2353 modo
1152 2296 1303 2354 convenire
1314 2311 1377 2354 eum
1393 2301 1463 2354 erat.

383 2398 495 2458 Eadem
514 2398 545 2457 in
571 2398 678 2472 templo
701 2399 832 2459 bisuntii
861 2401 924 2458 ioco
954 2400 1182 2474 vespertinarum
1205 2416 1321 2473 precum
1346 2402 1466 2460 ccclesia

294 2504 435 2579 psalmum
450 2504 575 2577 chonen
590 2503 700 2563 count.
738 2504 851 2564 Deinde
870 2507 962 2565 lector
980 2512 1067 2578 caput
1084 2510 1112 2565 2.
1137 2506 1265 2581 epistole
1286 2505 1324 2564 ad
1347 2504 1465 2565 Galatam

294 2610 375 2683 legit.
408 2609 520 2668 Rursus
535 2608 656 2668 eeclesia
670 2615 758 2668 cantu
772 2627 796 2668 a.
812 2611 944 2684 spiritum
959 2610 1124 2683 invocabat,
1145 2616 1174 2670 et
1190 2626 1256 2669 mox
1270 2610 1400 2669 domiuus
1414 2612 1464 2670 Jo-

295 2730 386 2773 annes
400 2714 543 2773 Hemicas
563 2728 600 2773 ex
620 2729 682 2788 cap.
702 2718 742 2774 12
767 2716 896 2790 epistole
911 2715 940 2775 d.
957 2716 1039 2775 Pauli
1059 2716 1097 2776 ad
1118 2716 1262 2775 Romanos
1285 2717 1346 2774 haec
1361 2715 1464 2775 verba:

298 2818 451 2880 «Gaudete
474 2836 537 2878 cum
553 2819 747 2894 gaudentibus
762 2827 792 2881 et
805 2818 873 2880 flate
887 2838 952 2880 cnm
965 2820 1114 2899 flenhbus,
1139 2821 1239 2882 eodem
1254 2822 1348 2881 animo
1364 2820 1414 2879 alii
1435 2821 1466 2879 iu

295 2926 367 2986 alios
385 2924 499 2998 ademi,
537 2941 596 2983 non
617 2931 789 2999 arroganter
811 2926 848 2985 de
862 2927 944 2986 vohis
958 2929 1027 3001 ipsis
1043 2930 1211 3000 sentientes,
1242 2926 1293 2985 sed
1314 2926 1466 2985 humilibus

295 3046 345 3089 voa
359 3029 616 3091 accommodantes.
640 3030 686 3090 Ne
700 3033 762 3091 sitis
781 3036 950 3106 arrogantes
969 3034 1046 3106 apud
1061 3040 1169 3093 vosmet
1189 3033 1275 3106 ipsos,
1301 3048 1393 3105 neque
1408 3030 1466 3089 cui-

296 3151 383 3210 quam
396 3137 503 3195 malum
518 3154 572 3212 pro
586 3134 829 3211 maloreddatis,»
840 3140 974 3211 exposuit
988 3141 1104 3215 populo,
1119 3138 1248 3198 indicans
1263 3152 1349 3211 qnam
1363 3136 1466 3196 noxius

295 3243 332 3302 sit
346 3240 513 3302 ambitionis
526 3240 652 3317 morbus,
677 3242 754 3316 quod
769 3246 800 3301 et
812 3243 904 3315 ipsum
919 3243 1126 3316 scripturarum
1148 3245 1311 3302 testimonio
1327 3248 1356 3303 et
1370 3258 1464 3303 exem-

295 3350 350 3423 plis
365 3346 440 3409 adeo
455 3350 605 3422 perspicue
620 3347 726 3420 docuit,
751 3353 784 3405 ut
798 3348 843 3406 vel
857 3346 989 3407 manibus
1004 3347 1123 3421 palpare
1138 3358 1246 3421 posses,
1263 3365 1348 3421 quam
1364 3350 1465 3407 animis

296 3456 423 3514 omnium
447 3468 484 3512 ex
507 3457 644 3528 corrupta
663 3459 768 3512 natura
787 3454 812 3510 is
834 3452 950 3511 morbus
965 3453 1082 3513 haereat.
1121 3452 1159 3509 Ει
1173 3453 1214 3510 sic
1228 3454 1342 3527 singula
1355 3454 1385 3511 in
1400 3468 1465 3513 suas

295 3562 402 3619 classes
426 3558 586 3617 chrisum
606 3557 757 3632 diligentia
777 3557 909 3632 digessit,
929 3558 1034 3631 jubens
1056 3564 1090 3618 ut
1111 3558 1281 3617 dominicum
1304 3558 1392 3632 illum,
1416 3560 1464 3631 qui

296 3666 389 3725 nostri
403 3680 491 3724 caum
505 3663 613 3723 nullam
627 3677 685 3720 non
698 3662 832 3735 iniuriam
848 3678 1002 3737 perpessus
1017 3670 1070 3738 est,
1085 3663 1277 3737 imploremus,
1294 3679 1350 3737 quo
1365 3678 1465 3722 conce·

297 3771 348 3830 dat
370 3770 454 3829 nobis
473 3768 598 3829 animam
617 3768 739 3827 inimicis
761 3767 979 3827 benevolentem
999 3773 1029 3827 et
1055 3768 1185 3841 spiritum
1207 3769 1355 3829 adinstar
1376 3770 1466 3842 ipsius

296 3875 418 3949 domini,
441 3881 629 3951 posteaquam
647 3872 723 3932 idern
746 3874 878 3933 dominus
897 3890 950 3933 nos
970 3874 1090 3934 humiles
1111 3876 1213 3948 spiritu
1229 3890 1291 3935 essa
1306 3874 1465 3948 imperavit.

296 3981 432 4043 Adduxit
448 3986 478 4039 et
491 3980 585 4039 iocum
600 3979 684 4039 Pauli
699 3994 735 4038 ex
749 3979 980 4054 Philippensibus
996 3983 1014 4038 2
1030 3994 1093 4055 cap.
1108 3980 1184 4038 hunc
1198 3982 1319 4039 subeat:
1346 3980 1396 4039 «Si
1410 3996 1467 4053 qua

295 4086 552 4163 igiturconsolctio
562 4086 591 4143 in
605 4083 730 4157 Christo,
745 4085 770 4142 si
780 4085 857 4158 qnod
866 4086 999 4173 solatium
1015 4084 1182 4162 dilectionis,
1199 4088 1223 4145 si
1234 4102 1297 4159 quaa
1307 4086 1467 4145 communio

294 4192 425 4267 spiritus,
451 4192 476 4249 si
491 4206 549 4265 qua
562 4190 674 4249 viscera
688 4195 718 4248 et
731 4190 930 4250 miserationes
953 4192 1091 4265 complete
1106 4207 1200 4251 meum
1215 4191 1357 4265 gaudium,
1381 4196 1414 4248 ut
1429 4190 1466 4247 si-

294 4300 403 4358 militer
418 4295 512 4357 aliscd
523 4296 594 4370 sitis,
609 4296 730 4355 eandem
739 4294 909 4354 charitatem
922 4296 1070 4369 babentes,
1083 4296 1240 4369 unanimes,
1251 4295 1326 4354 idem
1341 4296 1466 4353 sentien-

281 4410 360 4464 tes»
376 4403 456 4480 (vide
469 4403 556 4462 latim
571 4406 659 4479 caput
668 4404 687 4459 2
696 4417 742 4474 ep.
758 4400 951 4476 adPhilipp.).
967 4403 1038 4461 Post
1052 4403 1216 4461 concionem
1230 4399 1344 4458 domino
1359 4400 1468 4473 gratias

295 4503 358 4583 egit
373 4507 496 4567 ecclesia
506 4521 541 4565 ac
550 4508 591 4565 sic
604 4522 668 4565 cum
682 4505 881 4566 bencdictione
890 4507 921 4567 in
934 4522 1006 4581 pace
1021 4506 1058 4571 ab
1067 4506 1231 4565 ecclesiaste
1242 4504 1351 4563 dimissi
1360 4519 1466 4563 sumus.

326 4623 332 4632 ·
386 4612 498 4673 Eadem
512 4612 681 4672 wilhelmus
696 4628 790 4671 comes
810 4612 962 4671 aNassaw
982 4610 1120 4683 majorem
1139 4610 1293 4668 electorum
1313 4614 1343 4668 et
1362 4610 1466 4682 prinoi-

297 4736 368 4795 pum
382 4722 497 4793 partem
512 4718 642 4777 convivio
658 4720 778 4791 excepit.

387 4824 531 4899 Magistro
558 4822 677 4884 Libon’o
703 4823 861 4896 injunctum
881 4827 939 4896 est,
968 4826 1000 4880 ιιι
1028 4820 1124 4879 munti
1153 4836 1172 4879 a
1193 4818 1311 4879 Nasaaw
1334 4819 1469 4894 injuriam
