3700 5692
456 705 516 767 ms
633 696 659 752 6.
675 655 950 767 ’6666666666
965 690 1089 747 suasu
1106 690 1183 747 uun
1201 690 1410 753 sumamma.

332 838 337 847 ’
451 853 670 926 glauhuurdigen
687 850 863 906 nachrichten
880 849 991 919 umaen,
1020 847 1074 905 dall
1100 864 1130 905 cr
1153 848 1230 906 sechs
1244 850 1323 920 jahre
1341 852 1398 907 un'd
1414 853 1467 911 drei
1482 864 1575 913 monete

452 943 502 998 aui
514 943 607 997 seinen
624 942 713 997 reisen
730 937 873 994 verbracht
890 937 946 992 hat.
981 938 1020 993 Es
1038 938 1108 1007 folgs
1126 938 1186 995 hier
1203 938 1246 995 dis
1262 940 1419 1011 gleichnng:

522 1030 551 1084 Si
567 1030 639 1084 vitae
656 1043 732 1083 meae
750 1025 912 1081 curriculum
930 1027 1051 1095 accipere
1069 1043 1122 1081 non
1140 1029 1238 1098 renuis,
1257 1029 1378 1098 quisquis
1393 1046 1438 1086 es:
1455 1030 1523 1099 scito,
1540 1046 1575 1087 me

451 1133 606 1174 sescunoem
622 1116 732 1183 aetatis,
759 1128 839 1183 quam
856 1129 929 1168 nnnc
947 1113 1112 1182 adsequutus
1130 1130 1204 1186 sum,
1233 1116 1262 1169 16
1289 1116 1403 1172 infantia
1429 1132 1460 1173 ac
1475 1117 1576 1186 pueritia

450 1205 655 1273 consumpsisse,
672 1192 892 1257 inter'maternos
909 1202 1049 1271 amplexus
1067 1208 1095 1258 et
1107 1204 1198 1261 oscula
1210 1203 1298 1259 dulcia
1310 1212 1458 1274 parentum.
1484 1204 1577 1261 Exinde

450 1293 573 1347 admotus
585 1291 720 1360 litterulis,
733 1289 916 1358 paulatimque
929 1305 1087 1359 progressus
1100 1290 1134 1346 ad
1146 1292 1236 1347 studia
1246 1291 1407 1363 liberaliora,
1418 1292 1577 1363 quadrantem

449 1381 520 1435 vitae
538 1378 657 1447 transegi
677 1378 727 1433 suh
745 1376 833 1431 ferula
857 1381 884 1431 et
909 1375 1050 1445 disciplina
1076 1377 1242 1435 scholastica.
1278 1380 1357 1448 Post,
1382 1380 1449 1435 rude
1471 1379 1577 1446 donatus,

449 1467 574 1524 iuvenilis
592 1467 687 1522 aetatis
706 1464 800 1521 florem
818 1464 905 1519 Musis
923 1466 1086 1520 consecravi:
1104 1482 1170 1535 quas
1188 1472 1306 1523 sectatus
1324 1484 1384 1523 sum
1396 1468 1424 1522 in
1436 1466 1577 1521 Germanias

450 1554 603 1611 Academiis
620 1570 671 1622 per
688 1558 792 1609 sextam
812 1550 940 1607 decimam
958 1552 1029 1607 vitae
1048 1559 1161 1622 partem.
1195 1554 1261 1611 Mox
1279 1556 1392 1611 6616616
1407 1570 1439 1611 ac
1454 1552 1578 1609 Britannis

450 1660 535 1699 unum
552 1659 594 1697 me
611 1657 712 1696 annom
730 1646 883 1695 tenuerunt
918 1640 990 1695 Einc
1006 1641 1035 1694 in
1055 1640 1168 1697 Galliam
1186 1645 1320 1715 concessi,
1340 1644 1388 1700 ubi
1404 1644 1434 1698 in
1449 1639 1578 1697 Academia

450 1728 595 1783 Parisiensi
622 1730 729 1786 unciam
755 1730 827 1783 ritae
853 1743 928 1783 meae
954 1728 1085 1797 impendi:
1122 1744 1222 1784 annum
1248 1738 1338 1788 autem
1366 1747 1451 1787 unum
1477 1730 1504 1785 in
1528 1743 1578 1798 per·

450 1817 610 1873 lustratione
627 1817 792 1886 reliquarum
816 1815 874 1871 eiua
897 1817 974 1885 regni
999 1818 1107 1873 urbium
1129 1818 1312 1877 celebriorum.
1347 1818 1456 1875 Italiam
1471 1816 1578 1887 similiter

451 1912 479 1961 et
495 1906 626 1976 imprimis
644 1906 756 1960 Romam
774 1905 854 1960 unius
872 1906 936 1959 anui
954 1906 1039 1975 spatio
1057 1906 1141 1962 oculis
1158 1906 1325 1977 pedibusque
1346 1905 1487 1978 usurpavi,
1512 1917 1577 1973 quan

449 1995 537 2049 animo
554 1994 608 2048 iam
625 2000 688 2050 ante
699 1992 764 2047 mihi
778 1993 894 2049 feceram
905 1994 1120 2063 cognitissimam.
1150 1995 1247 2052 Redux
1260 1998 1289 2051 16
1300 1996 1425 2071 patrium,
1437 1990 1577 2049 mutandam

450 2082 577 2151 temporis
596 2080 754 2137 Germaniae
772 2079 890 2135 docendo
908 2079 1020 2150 reddidi,
1038 2089 1168 2150 quantum
1187 2082 1312 2139 discendo
1331 2083 1365 2138 ab
1384 2082 1476 2139 eadem
1489 2079 1576 2134 fueram

449 2175 597 2238 mutuatus,
615 2175 696 2237 atque
708 2169 820 2237 insuper
837 2183 936 2223 annum
953 2168 982 2223 in
1000 2168 1096 2225 foenus
1113 2170 1206 2226 adieci.
1239 2170 1360 2225 Tandem
1382 2169 1476 2225 Soram
1491 2165 1576 2223 Duriae

449 2257 506 2312 iata
523 2273 566 2312 me
583 2263 720 2326 vocarunt,
738 2256 785 2311 uhi
801 2256 855 2310 iam
870 2269 920 2323 per
938 2256 1009 2313 vitae
1026 2258 1151 2315 trientem
1166 2259 1326 2328 professoris
1343 2272 1444 2313 munus
1459 2272 1506 2326 pro
1520 2252 1575 2309 utili

450 2353 534 2402 tueor.
571 2346 706 2414 Quantum
718 2345 836 2415 supersit
852 2344 929 2414 vitae,
946 2345 970 2401 is
987 2348 1069 2418 novit,
1088 2348 1134 2417 qui
1151 2348 1247 2403 omnia
1276 2348 1318 2403 Tu
1335 2363 1371 2403 ex
1389 2346 1442 2417 his,
1461 2358 1525 2415 qnae
1535 2341 1574 2397 elo

447 2440 525 2490 cutus
543 2449 611 2505 sum,
629 2438 744 2489 aetatem
762 2446 846 2488 meam
867 2431 970 2501 collige.

979 2591 1055 2645 1660.

519 2695 637 2753 Graecia
654 2696 766 2767 caligas
790 2712 850 2751 cum
873 2695 973 2751 tabulis
992 2698 1176 2769 geographicis
1197 2700 1238 2755 cd.
1261 2697 1422 2757 adamuale
1439 2689 1574 2755 Puiendorl

446 2783 640 2840 66666666
659 2786 734 2839 roso.
758 2784 795 2839 4⁰.
831 2784 924 2853 (nugs
947 2786 1021 2839 mor.
1042 2786 1127 2856 mou)

516 2872 596 2929 Auch
611 2871 787 2929 inGrouooa'a'
802 2872 955 2927 Tbeaaurus
973 2874 1125 2942 antiquitat.
1144 2874 1268 2929 Graecar.
1286 2874 1333 2929 1v.
1355 2875 1450 2929 1-84.

515 2963 548 3017 16
573 2961 768 3017 6666666666
793 2961 973 3030 ubersetzung
997 2961 1170 3018 Amsterdam
1189 2965 1264 3018 1677.
1282 2962 1328 3017 fol
1363 2961 1424 3017 huf
1446 2960 1493 3019 der
1513 2958 1572 3013 ham·

446 3049 608 3120 burgischen
625 3048 853 3119 stadtbibliothelr,
872 3048 1026 3119 Gottingen.

840 3242 876 3302 11.
916 3241 1069 3301 Poetische
1089 3244 1191 3303 werke.

981 3383 1054 3437 1610.

513 3488 580 3544 Viro
597 3519 631 3530 -
645 3489 739 3558 juveni
755 3488 898 3546 lectissimo
909 3486 924 3559 ΙΙ
935 3485 1102 3543 SIGFRfflO
1123 3487 1336 3558 RUDOhllPHO
1357 3486 1509 3545 JOANNIS
1519 3483 1566 3553 1011

445 3576 752 3648 SGHELHAMMERO,
762 3579 777 3648 ll
788 3576 1059 3646 HAMBURGENSI,
1070 3577 1084 3647 ΙΙ
1096 3578 1162 3633 Cum
1173 3578 1202 3632 iu
1209 3577 1356 3633 Academia
1366 3572 1546 3633 Rostoohienai
1553 3573 1565 3637 l

443 3664 589 3734 Supremos
605 3666 634 3720 in
646 3665 820 3735 Philosophia
831 3666 856 3720 ei
868 3666 977 3721 honoris
990 3666 1088 3735 gradus
1100 3665 1297 3733 decerneretur,
1306 3666 1321 3735 ΙΙ
1333 3664 1545 3719 Gratulabantur.
1553 3660 1564 3729 ΙΙ

442 3751 576 3821 Vignette.
586 3752 775 3808 ROSTOGHII
784 3754 799 3823 ΙΙ
809 3751 938 3808 PROELO
950 3746 1214 3808 MYLmNDRm'o
1226 3750 1352 3823 11611Νο
1366 3752 1405 3807 Μ.
1418 3752 1472 3807 DG.
1484 3752 1514 3805 X.

513 3842 526 3891 1
545 3840 576 3893 Β.
594 3843 625 3894 4⁰
641 3842 778 3911 custodem,
797 3842 930 3910 signatur:
957 3841 985 3895 in
1010 3839 1058 3895 der
1081 3840 1231 3909 sammlung
1255 3840 1303 3895 der
1313 3839 1485 3908 Hambmger
1500 3833 1570 3893 stadt·

441 3925 598 3982 bibliotheh.

512 4013 627 4070 Enthalt
644 4015 800 4072 lateinische
819 4015 942 4084 gedichte
959 4016 991 4070 iu-
1004 4013 1222 4071 verschiedenem
1238 4013 1378 4071 66666606
1396 4032 1449 4072 von

512 4101 730 4170 1161661666.
767 4103 794 4172 2)
812 4103 849 4157 hl.
862 4102 1048 4172 sigismundus
1060 4101 1137 4157 Philo
1150 4100 1353 4159 Schelbamcrus
1364 4102 1396 4157 F.
1432 4103 1458 4173 3)
1475 4100 1571 4157 1166·

439 4189 515 4245 renb.
535 4191 579 4245 ein
596 4191 738 4260 tsszeiliges
754 4190 864 4261 gedicht
879 4191 917 4245 im
931 4190 1101 4260 jsmhischen
1118 4206 1205 4247 senar.
1223 4192 1353 4261 (neigung
1369 4208 1432 4247 zum
1450 4186 1569 4255 16661666).
1630 4206 1631 4217 ’

441 4275 471 4345 4)
486 4277 513 4331 J.
531 4278 649 4334 hlorsius
665 4278 762 4333 Hamb.
1494 4302 1495 4309 ¹

822 4436 898 4492 1610.
935 4436 990 4491 dec.
1009 4437 1030 4491 Ι.
1058 4434 1184 4490 Rostoclr.

509 4538 713 4610 comesurus
730 4540 907 4612 6666666.
923 4544 938 4611 ll
956 4541 1177 4597 russonum.
1190 4542 1205 4611 ll
1222 4541 1347 4611 Vignecu
1362 4532 1569 4616 1166666666

438 4626 767 4698 onlnounnuouom.
784 4633 799 4701 ιι
816 4630 917 4686 huuc
935 4631 1053 4685 mocx.

508 4714 548 4769 Bl.
567 4719 635 4771 2-6
652 4715 787 4787 uidmung
798 4735 833 4774 66
846 4718 889 4775 die
902 4718 1036 4789 gebrhder
1046 4718 1184 4790 Heinrich,
1198 4718 1312 4790 Johmu,
1324 4718 1428 4776 Gourad
1441 4710 1567 4783 sumpius
