3700 5692
270 928 327 989 per
341 912 555 974 omnesmodos
569 915 600 973 in
615 911 729 975 christo
743 913 782 974 ed
797 915 919 975 salutem
933 920 1026 991 vocat,
1049 917 1101 978 sed
1120 915 1331 995 inobedientiae,
1352 922 1444 982 iucre-

272 1019 390 1079 dulitati
409 1025 441 1079 et
458 1020 659 1094 ingratitudini
678 1026 786 1081 nosne
806 1021 860 1080 hoc
880 1026 1028 1095 acceptum
1047 1020 1187 1096 semmua,
1216 1028 1246 1083 et
1267 1041 1446 1103 summopere

271 1141 433 1198 caecemus,
454 1126 536 1184 nesi
555 1122 631 1184 torte
649 1125 781 1185 dominus
801 1141 854 1200 per
873 1128 1084 1201 suggestionem
1105 1129 1223 1202 spiritus
1242 1133 1333 1190 sancti
1347 1147 1445 1192 aurem

271 1231 357 1290 nobis
371 1229 494 1310 vellicet,
509 1247 547 1290 ue
561 1232 616 1290 hoc
630 1236 682 1290 eut
694 1231 767 1291 illud
781 1232 926 1305 piaculum
941 1233 1188 1308 committeremus,
1207 1235 1249 1294 illi
1264 1240 1365 1296 contra
1380 1253 1445 1297 con-

271 1337 423 1396 scientiam
437 1341 566 1396 nostram
580 1335 756 1398 resistemus.
787 1336 833 1396 De
846 1337 960 1412 spiritu,
980 1339 1120 1413 iuquiens,
1143 1339 1219 1400 bono
1233 1342 1345 1417 loquor,
1362 1359 1444 1416 qnam

270 1440 458 1502 dominusne
480 1439 561 1500 suiad
582 1446 697 1500 aturum
716 1443 862 1518 promisit,
885 1459 945 1502 non
969 1444 1004 1503 de
1027 1451 1194 1519 suggestore
1212 1445 1262 1507 illo
1281 1448 1372 1521 malo,
1396 1449 1445 1522 qui

271 1546 392 1622 spiritus
410 1545 557 1606 mendacii
573 1551 618 1606 eet
636 1552 667 1606 et
685 1547 776 1606 omnis
795 1549 932 1623 nequities
953 1564 987 1609 ac
1007 1551 1205 1624 perversitatis
1225 1550 1338 1610 author.
1373 1553 1445 1612 Item

270 1651 366 1711 Mum
380 1667 449 1710 suos
468 1650 613 1711 interdum
632 1650 686 1711 snb
705 1667 818 1712 nucem
839 1653 962 1727 mittere,
986 1654 1040 1714 hoe
1061 1659 1113 1728 est,
1138 1656 1208 1730 ipsis
1222 1658 1377 1732 tristitiam,
1402 1657 1444 1718 ai-

270 1755 428 1831 flictioues,
451 1756 580 1832 morbos,
603 1761 802 1832 paupertatem
823 1761 853 1817 et
873 1758 906 1817 id
928 1775 1016 1834 genus
1037 1775 1143 1835 rerum,
1167 1779 1204 1821 ne
1226 1778 1293 1822 caro
1315 1761 1444 1837 serenici,

271 1861 325 1922 sed
339 1862 451 1935 virgam
464 1867 614 1934 paternam
633 1861 717 1922 homo
736 1868 884 1937 agnoscat.
922 1863 1072 1925 Postremo
1091 1866 1185 1924 Deum
1204 1865 1286 1926 nobis
1307 1867 1387 1928 verbi
1402 1871 1445 1928 sui

275 1981 427 2042 precones
448 1965 571 2040 dedisse,
594 1968 644 2040 qui
663 1967 770 2042 passim
790 1967 897 2043 populo
917 1971 1115 2042 poenitentiam
1137 1977 1166 2029 et
1185 1973 1250 2032 uitae
1270 1971 1444 2034 emendatio·
1550 2009 1553 2016 ·

271 2087 339 2130 nem
358 2071 510 2146 inculcent,
535 2073 652 2145 quossi
674 2071 774 2132 audire
795 2075 988 2146 renuerimus,
1012 2079 1139 2134 nostram
1160 2077 1363 2151 pervicaciam,
1387 2096 1445 2139 nou

271 2176 328 2236 Dei
343 2177 552 2251 benignitatem
564 2191 645 2236 ream
658 2176 715 2236 dici
730 2177 845 2238 debere.
875 2177 981 2252 Aiebat
996 2185 1026 2238 et
1039 2179 1094 2240 hoc
1108 2185 1209 2240 nostro
1224 2195 1286 2243 eevo
1299 2199 1357 2242 nou
1373 2189 1444 2257 peu·

272 2284 314 2342 cia
328 2281 426 2343 studio
441 2297 505 2341 esse
517 2282 717 2359 largitionibus
732 2290 763 2344 et
780 2284 936 2344 mendaciis
955 2285 1105 2346 veritatem
1127 2285 1249 2346 obruere
1268 2292 1298 2347 et
1317 2304 1380 2346 eam
1395 2305 1444 2348 ex·

273 2388 382 2462 cidere,
406 2403 507 2449 verum
520 2385 698 2449 frustreneoe
711 2389 743 2448 iu
757 2390 812 2449 hoc
826 2405 889 2448 esee
908 2390 1061 2464 impiorum
1080 2395 1208 2450 conatus.
1239 2392 1314 2451 Nem
1334 2394 1444 2468 scribae,

274 2495 379 2570 iuquit,
403 2499 433 2554 et
448 2493 587 2554 Pherisai
600 2509 665 2553 cum
685 2495 744 2554 suis
759 2494 918 2555 senioribus
936 2496 996 2569 iem
1016 2493 1121 2556 dudum
1142 2511 1205 2554 cum
1227 2497 1396 2570 corporibus
1417 2481 1463 2558 et'

273 2599 425 2660 mrimabus
439 2601 500 2658 suis
513 2601 544 2659 in
557 2599 725 2660 barathrum
738 2598 844 2661 inferni
858 2601 987 2676 absorpti
1001 2607 1076 2660 sunt.
1107 2602 1222 2660 Veritas
1242 2607 1337 2662 autem
1350 2601 1445 2663 adhuc

272 2709 379 2780 regnet
401 2710 432 2764 et
454 2704 583 2764 Obristm
609 2720 675 2764 cum
702 2703 828 2778 gloriosa
854 2722 908 2765 sue
934 2707 1144 2766 resurrectione
1166 2707 1333 2783 triumphet.
1372 2709 1446 2769 Huic
1495 2747 1498 2756 -

272 2808 397 2870 fidamus
417 2816 447 2869 et
465 2810 509 2870 illi
527 2811 559 2869 in
573 2810 704 2871 omnibus
718 2810 927 2884 adhereamus,
951 2812 1135 2886 impertiente
1149 2811 1203 2872 hoc
1218 2813 1300 2873 nobis
1316 2814 1378 2874 Deo
1393 2832 1444 2891 pa·

272 2922 318 2974 tre
338 2929 394 2989 per
412 2914 535 2975 eundem
548 2915 695 2977 dominum
708 2921 839 2976 uostmm
858 2916 959 2975 lesum
978 2915 1122 2978 Christum
1142 2924 1171 2978 et
1189 2918 1369 2978 illuminante
1387 2920 1445 2992 spi·

272 3022 334 3080 ritu
348 3036 402 3080 suo
416 3020 502 3081 bono.
531 3019 634 3080 Amen.

363 3125 476 3188 Eadem
496 3125 524 3186 d.
539 3126 672 3186 Mascula
686 3126 776 3186 libros
791 3125 896 3185 Bucari
915 3126 952 3185 de
971 3125 1123 3200 disputatis
1138 3128 1168 3185 iu
1190 3127 1332 3203 colloquio
1348 3127 1445 3189 Ratis·

272 3233 398 3294 bonensi
412 3238 442 3292 et
461 3237 563 3294 contra
580 3233 796 3292 Viutouieusem
814 3247 868 3306 per
887 3228 1022 3290 Gerulum
1041 3230 1162 3306 hospitis
1182 3234 1273 3292 nostri
1292 3230 1380 3292 filium
1399 3251 1445 3294 re·

272 3339 413 3400 misimus.

363 3443 457 3517 Nota,
481 3441 620 3518 Auguste
640 3441 759 3516 siugulis
778 3440 879 3504 diebus
898 3440 953 3501 sub
973 3457 1079 3502 nouem
1099 3441 1201 3502 horam
1222 3442 1446 3517 pomeridiauem
1518 3523 1520 3530 Α

273 3565 416 3626 eurupam
434 3548 547 3623 siguum
567 3548 663 3623 detur,
687 3549 765 3622 quod
784 3547 818 3608 fit
832 3548 870 3607 ad
884 3546 1077 3608 refricandum
1091 3552 1204 3622 tempus
1218 3549 1363 3608 memoria
1377 3566 1445 3623 pro·

273 3656 393 3717 ditionis
409 3653 516 3714 Christi
534 3670 588 3728 per
607 3654 713 3714 ludam
732 3652 831 3728 iacta,
854 3652 934 3728 quod
953 3654 1008 3713 hoe
1027 3650 1088 3712 iere
1108 3653 1160 3712 snb
1181 3651 1211 3712 id
1232 3653 1289 3713 diei
1309 3650 1446 3728 temporis

272 3761 422 3824 acciderit.

363 3869 445 3928 Nota
459 3867 496 3928 de
510 3866 665 3942 epitomate
677 3865 846 3940 Bulliugeri,
868 3867 930 3928 sive
944 3865 1065 3928 historia
1085 3865 1272 3942 expositionis
1292 3882 1389 3926 rerum
1410 3867 1447 3927 ab

273 3976 386 4050 origine
400 3971 499 4032 muudi
513 3990 606 4047 usque
625 3974 664 4034 ad
677 3974 855 4034 mtiritatem
870 3971 986 4046 Christi,
1009 3972 1189 4046 potissimum
1208 3989 1244 4032 ex
1263 3988 1339 4032 novo
1358 3953 1446 4033 teste-

272 4086 372 4142 mento
388 4084 444 4144 eto.
459 4095 499 4138 au
511 4080 542 4138 in
556 4079 692 4140 nundinis
706 4075 962 4138 bbaueoturdieuis
976 4079 1138 4153 comparari
1152 4085 1259 4154 posset.

364 4186 494 4246 loannes
509 4189 541 4244 et
553 4183 703 4260 Philippus
717 4182 823 4243 tratres
838 4182 981 4243 domiuum
997 4184 1139 4246 loannem
1156 4184 1312 4244 Hemioum
1331 4184 1361 4242 in
1375 4187 1464 4242 tem·
1563 4261 1565 4266 Ι

273 4294 323 4368 plo
343 4290 522 4353 dbieuritii
540 4289 603 4349 hnc
616 4289 704 4350 serbe
718 4289 804 4350 Pauli
822 4286 861 4348 ad
874 4289 1020 4350 Romanos
1038 4293 1088 4350 12.
1109 4291 1310 4364 explanantem
1330 4287 1446 4348 audive-

274 4404 358 4458 runt:
382 4395 517 4457 Gaudete
537 4396 568 4454 in
589 4409 654 4471 epe,
677 4395 820 4468 patientes
842 4396 872 4454 in
893 4394 1095 4471 tribulatione,
1122 4397 1228 4455 instate
1248 4395 1370 4454 orationi
1392 4399 1446 4454 etc.

274 4503 457 4565 Nerraeerat
470 4501 528 4575 hic,
551 4516 623 4576 quoe
638 4500 816 4577 potissimum
831 4501 929 4561 hostes
947 4503 978 4560 in
999 4501 1054 4562 hac
1068 4503 1128 4561 rita
1141 4499 1312 4558 haberemus
1328 4504 1357 4557 et
1372 4515 1446 4573 pree·

275 4612 359 4685 cipue
372 4608 428 4669 hos
441 4607 622 4680 domesticos,
646 4620 761 4665 mmem
776 4611 806 4664 et
819 4608 957 4666 mundum
973 4612 1002 4667 et
1017 4605 1181 4678 sathanam,
1203 4604 1306 4678 J‘ubeus
1323 4603 1376 4664 hos
1392 4603 1448 4664 fide

276 4721 305 4774 et
325 4712 469 4790 patientia
489 4727 628 4787 superare
651 4726 834 4786 conaremur,
858 4716 889 4770 et
908 4711 1086 4772 orationibus
1107 4711 1132 4768 si
1151 4709 1223 4768 alias
1247 4725 1373 4782 unquam
1394 4709 1449 4768 hoc

276 4826 406 4896 tempore
418 4817 543 4878 maxime
557 4818 726 4880 necessariis
740 4816 924 4879 instaremus.
