3700 5692
852 731 916 797 197

297 918 429 981 Tandem
446 923 548 977 mutuo
562 914 645 977 uobis
659 914 756 977 fausta
770 918 801 977 in
816 916 929 977 cbristo
944 922 1095 992 precantes
1111 918 1160 977 ille
1175 918 1289 979 domum
1305 937 1399 996 suam,
1416 939 1469 996 ego

297 1030 396 1087 autem
410 1023 450 1085 ad
463 1023 618 1097 hospitium
632 1021 791 1096 regredior.

389 1131 518 1192 Joanues
541 1127 663 1188 Goselus
684 1126 824 1189 ducentos
846 1132 876 1188 et
897 1129 1107 1204 quinquaginta
1130 1128 1255 1191 florenos
1280 1131 1317 1191 sd
1336 1132 1472 1193 bimestre

298 1243 412 1312 tompus
427 1234 511 1295 uobis
526 1239 626 1294 mutuo
641 1232 729 1293 dedit.

386 1341 539 1429 Famulum
553 1340 591 1401 ad
606 1339 758 1400 Glaserum
772 1340 850 1415 misi,
873 1345 905 1399 ut
920 1340 946 1399 si
961 1342 1010 1414 qui
1025 1341 1062 1400 ad
1076 1342 1233 1417 principem
1254 1359 1335 1405 suum
1357 1344 1470 1407 litteras

295 1448 367 1508 dure
381 1447 477 1520 vellet,
500 1461 550 1505 eas
565 1446 644 1505 ocius
658 1443 869 1519 conscriberet,
890 1462 958 1504 nam
972 1462 1017 1505 me
1032 1447 1085 1506 sub
1101 1451 1231 1506 octavam
1246 1447 1312 1507 binc
1329 1449 1468 1509 discessu·

293 1572 370 1615 ram.
393 1552 512 1613 Interim
526 1551 557 1609 in
571 1550 706 1624 hospitio,
723 1566 788 1625 qum
803 1551 841 1610 ad
855 1549 1060 1625 profectionem
1076 1554 1239 1613 necessaria
1255 1560 1347 1629 erant,
1363 1566 1467 1629 parare

290 1662 377 1736 iussi.

343 1810 347 1815 .
386 1764 526 1824 Volebam
542 1767 572 1823 et
586 1762 614 1821 d.
630 1761 781 1823 Nicolaum
796 1762 891 1823 Maior
905 1744 1069 1839 convenire,
1085 1780 1184 1825 verum
1200 1768 1224 1825 is
1240 1768 1365 1827 nondum
1383 1786 1401 1829 a
1416 1771 1466 1830 do·

293 1873 375 1931 mino
389 1869 528 1932 Udalrico
541 1884 676 1931 reversus
691 1874 763 1927 erat.

387 1979 460 2037 Post
474 1977 625 2051 septimam
639 1992 741 2035 rursus
756 1975 889 2035 Liberius
905 1974 1110 2049 Obernburger
1123 1977 1194 2037 adit.
1218 1979 1283 2052 Ego
1297 1978 1469 2041 Atrebatem·

293 2102 357 2145 sem
373 2084 529 2145 musenim
543 2082 640 2142 statui.
671 2080 720 2140 Ad
734 2082 843 2140 curiam
857 2085 953 2148 autem
970 2081 1099 2153 praesulis
1115 2083 1231 2141 veniens
1251 2083 1356 2143 ibidem
1377 2081 1467 2145 Dido-

294 2206 362 2251 nem
379 2187 618 2263 aIlniephausen
644 2187 748 2247 inveni.
779 2187 826 2245 Ex
847 2187 903 2247 hoo
925 2185 1103 2261 quaerebam,
1128 2188 1198 2260 quid
1215 2189 1390 2250 marschalco
1411 2191 1467 2251 Pa·

293 2295 432 2372 penheim
446 2310 501 2372 pro
515 2309 595 2354 more
610 2308 647 2353 ex
661 2298 728 2353 actu
742 2292 792 2351 illo
806 2291 969 2352 deberetur.
993 2292 1161 2368 Respondit,
1178 2294 1250 2353 nihil
1259 2311 1387 2371 prorsus,
1403 2288 1468 2355 nani

294 2418 355 2463 uon
370 2400 486 2461 memini
500 2401 546 2459 rel
559 2414 606 2459 me
620 2400 667 2459 vel
682 2398 814 2457 comitem
829 2398 1004 2473 aRetbberg
1020 2401 1172 2473 quicquam
1186 2400 1228 2459 illi
1245 2400 1367 2460 dedisse.
1391 2400 1467 2461 Dum

293 2510 396 2582 itaque
410 2504 447 2565 de
461 2503 634 2564 redimendis
648 2505 752 2563 litteris
767 2503 952 2578 remissoriis,
976 2510 1140 2579 eliceant,
1162 2521 1214 2564 nos
1230 2506 1285 2565 duo
1301 2505 1465 2567 confabula-

292 2629 411 2687 remur,
432 2616 595 2686 opportuno
617 2610 776 2675 Zuicbenus
796 2614 948 2669 asturcone
969 2616 1066 2670 vectus
1088 2611 1193 2671 ibidem
1216 2610 1307 2672 adest.
1345 2614 1390 2671 Ex
1412 2613 1468 2673 hoc

292 2721 385 2795 igitur
399 2717 605 2792 Kuiephausen
621 2716 732 2791 singula
746 2716 905 2775 sciscitatus
920 2723 1008 2790 atque
1022 2717 1084 2776 haec
1100 2716 1216 2801 edoctus
1232 2724 1290 2793 est,
1311 2719 1376 2779 illas
1391 2718 1468 2779 inira

296 2828 440 2887 ducentos
453 2822 579 2884 florenos
594 2839 652 2882 non
667 2822 779 2881 redimi.
809 2822 889 2882 Nota
904 2830 1002 2885 autem
1016 2825 1102 2885 eliam
1117 2841 1179 2885 esse
1195 2827 1337 2886 rationem
1358 2842 1466 2901 eorum,

294 2946 421 3008 quorum
436 2929 633 3005 possessiones
647 2943 737 2987 caesar
752 2928 838 2987 elicui
853 2930 933 2990 abeo
942 2931 988 2990 vel
996 2948 1191 3007 possessorem
1200 2933 1381 2992 redimendas
1391 2934 1467 2993 dono

294 3037 424 3110 dederit,
449 3039 611 3106 eteorum,
634 3050 653 3092 a
675 3033 777 3107 quibus
798 3050 890 3095 caesar
904 3037 966 3110 ipse
982 3036 1115 3097 mulctam
1130 3038 1244 3112 accipit.
1277 3037 1323 3096 Ex
1337 3039 1466 3112 priorum

294 3145 373 3205 enim
387 3142 541 3218 largitione
555 3146 606 3199 aut
620 3139 744 3216 propina
759 3141 935 3201 muceloriae
952 3142 997 3220 (ut
1012 3141 1143 3217 vocant),
1166 3144 1221 3203 boc
1243 3150 1287 3205 est
1308 3144 1466 3206 scribarum

293 3249 442 3322 sodalitio,
460 3247 631 3305 centesimus
645 3261 775 3303 nummus
790 3245 874 3305 cedit.
905 3247 971 3306 Mos
988 3251 1063 3307 enim
1079 3252 1122 3305 est
1138 3254 1242 3322 taram
1259 3255 1292 3307 ut
1306 3256 1417 3324 vocant,
1434 3255 1467 3310 ut

293 3350 508 3428 eorumverbo
530 3357 610 3425 utar,
640 3352 800 3410 litterarum
823 3349 896 3411 fieri.
942 3352 1000 3413 Sed
1023 3352 1060 3413 ad
1083 3352 1304 3413 Atrebateusem
1326 3360 1465 3414 revertar,

291 3461 419 3521 Animus
437 3462 533 3519 autem
555 3462 619 3518 erat
637 3456 718 3517 illum
739 3458 891 3517 convenire
912 3474 947 3517 ec
968 3460 1076 3534 gratias
1096 3458 1138 3517 illi
1157 3475 1257 3534 agere3
1283 3460 1334 3519 sed
1352 3466 1465 3535 tempus
1582 3446 1585 3453 ’

291 3566 479 3628 dilabebatur
494 3570 524 3625 et
537 3564 694 3625 timendum
708 3563 778 3621 mihi
792 3561 902 3639 inerat,
927 3581 962 3623 ne
978 3570 1045 3624 ante
1060 3569 1189 3623 nostrum
1212 3565 1320 3623 abitum
1342 3580 1466 3626 noverca

292 3672 396 3733 urbem
412 3672 543 3731 intraret.
575 3670 767 3743 Quamobrem
782 3652 957 3729 cubiculario
974 3672 1113 3745 episcopi,
1131 3685 1194 3743 quae
1210 3669 1280 3730 hero
1297 3688 1349 3731 suo
1360 3669 1466 3745 referri

292 3776 437 3851 volebam,
452 3776 595 3850 mandari,
612 3793 647 3834 ao
660 3774 732 3834 illud
746 3775 857 3835 consilii
872 3778 944 3851 cepi,
961 3774 1172 3850 utPinzingero
1184 3777 1301 3852 praesuli
1316 3794 1334 3837 a
1349 3779 1466 3837 secretis

292 3885 381 3945 talari
390 3882 488 3943 decem
497 3899 550 3957 pro
563 3883 718 3941 honorario
734 3881 872 3941 darentm
887 3898 923 3939 ac
936 3882 961 3939 is
977 3897 1029 3940 nos
1045 3882 1122 3955 apud
1136 3884 1299 3957 episcopum
1315 3887 1465 3943 excusatos

292 3990 425 4063 baberet,
441 3992 471 4047 et
486 4004 618 4048 casarea
632 3988 786 4062 majestati,
803 3988 828 4045 si
842 3987 970 4059 post-bae
985 3988 1046 4062 ejus
1055 4004 1143 4060 opera
1151 3989 1319 4063 indigerem,
1335 3988 1465 4050 sedulum

293 4095 512 4157 sollicibtorem
536 4100 649 4169 egeret,
673 4110 760 4167 quam
781 4093 931 4167 pecuniam
951 4093 1085 4153 Liborius
1107 4110 1125 4153 a
1144 4110 1189 4153 me
1209 4097 1332 4170 aceepit,
1356 4112 1421 4154 nam
1441 4097 1465 4153 is

292 4202 436 4277 Augusta
451 4200 545 4260 adbuc
560 4205 781 4273 pernoctaturus
797 4204 869 4258 erat.

384 4306 498 4367 Deinde
513 4307 645 4365 comitem
660 4322 678 4364 a
692 4305 806 4364 Nasson
821 4310 905 4379 peto,
928 4306 977 4377 qui
992 4320 1045 4364 nos
1060 4320 1165 4363 mensae
1181 4306 1307 4364 assidere
1323 4320 1356 4362 ac
1368 4306 1464 4377 jente-

293 4414 391 4475 culum
406 4429 503 4473 secum
518 4428 631 4471 sumere
642 4412 739 4486 jussit
767 4412 796 4469 A
806 4411 954 4485 jentaculo
968 4411 1024 4485 ipsi
1040 4412 1181 4470 discessus
1196 4410 1252 4467 mei
1266 4403 1406 4471 rationem
1421 4410 1464 4469 in·

293 4521 377 4594 dico,
392 4520 501 4594 mnas
515 4519 558 4579 illi
574 4534 628 4594 pro
642 4518 703 4577 suis
717 4514 863 4576 beneficiis
879 4521 909 4577 et
923 4518 1028 4577 collata
1042 4532 1095 4591 pro
1111 4532 1156 4575 me
1171 4532 1260 4590 opera
1275 4532 1376 4591 egens,
1398 4514 1465 4575 offe·

291 4643 363 4687 rems
377 4640 442 4685 mea
458 4623 553 4685 officia
567 4628 597 4681 et
611 4625 653 4682 sic
668 4624 695 4681 ei
709 4622 880 4681 valedicens.
911 4622 1024 4681 Donavi
1046 4640 1110 4681 eum
1130 4622 1242 4681 interim
1263 4637 1345 4695 equo.
1376 4621 1465 4691 Dedit

293 4739 325 4795 et
337 4733 388 4791 ille
402 4732 472 4791 mibi
487 4730 642 4801 caballum,
666 4742 724 4789 non
739 4729 957 4803 permutationis
973 4743 1041 4803 ergo
1058 4728 1108 4787 sed
1128 4729 1164 4788 ob
1184 4743 1300 4801 musas,
1326 4743 1397 4799 quas
1418 4726 1465 4787 hic

293 4822 402 4899 obortis
416 4836 552 4896 mandare
567 4849 812 4909 superuacaneum
826 4841 879 4897 est.
896 4834 1078 4910 .Perplacuit
1092 4832 1160 4893 mibi
1176 4834 1237 4893 baec
1256 4849 1311 4893 vox
1331 4832 1464 4910 hominm,
