3700 5692
401 699 451 760 88.
900 684 1051 745 SATYRA.

486 846 631 927 vulnera,
654 861 737 929 qnae
760 844 889 912 valeant
911 844 1005 928 nugis
1029 842 1157 912 odierno
1179 846 1329 929 leporem.

531 951 594 1019 Sed
616 951 688 1017 lere
709 950 743 1016 id
765 955 815 1015 est
838 950 1028 1032 veniamque
1052 956 1164 1033 meret,
1192 970 1265 1019 nam
1289 972 1377 1020 more
1399 962 1530 1039 recepto

487 1075 668 1125 sermonum
692 1055 853 1138 appendix
875 1050 925 1122 est
947 1061 980 1123 et
1002 1057 1158 1123 mantissa
1180 1057 1349 1142 loquendi3

488 1164 613 1232 eiurare
637 1163 730 1227 deos:
755 1162 924 1227 uerborum
948 1161 1000 1228 hic
1022 1160 1184 1244 flosculus,
1207 1163 1288 1229 haec
1310 1168 1360 1230 est

422 1288 473 1344 aaa
486 1287 645 1352 nusquam
666 1268 700 1334 in
720 1266 887 1333 rhetoricis
910 1267 1074 1350 descripta
1095 1267 1198 1352 figura
1223 1268 1350 1335 libellis.
1412 1298 1416 1307 ·

484 1373 583 1440 Nulla
604 1373 683 1439 fides
709 1372 832 1438 modice
854 1372 984 1439 innanti.
1031 1374 1064 1440 Si
1087 1374 1158 1457 quis
1182 1374 1316 1441 amicum

487 1498 543 1547 ore
564 1480 618 1562 pio
643 1478 735 1545 affari
758 1483 880 1545 tentet:
905 1478 967 1544 nisi
990 1480 1122 1547 numina
1145 1486 1261 1547 cuncta

487 1592 520 1652 et
542 1584 664 1652 coelum
687 1588 790 1650 testes
813 1587 904 1649 vocet
929 1588 961 1650 et
983 1585 1165 1666 penetralia
1187 1585 1280 1665 nnis,

486 1690 519 1755 ni
542 1688 777 1770 Phlegethonta
799 1688 897 1753 imum
921 1689 1080 1770 supremis
1103 1694 1261 1772 temperet
1285 1689 1391 1770 astris,

421 1795 703 1879 atoldarpocrates
726 1792 864 1876 elinguis
887 1793 958 1875 erit,
982 1812 1041 1859 nec
1063 1794 1210 1876 pluribus
1233 1794 1336 1861 hiscat

487 1919 582 1984 qnam
606 1916 721 1965 macne
744 1904 776 1964 et
799 1903 912 1981 captae
936 1897 1137 1966 Cimbrorum
1160 1901 1192 1966 in
1216 1901 1325 1966 littore
1348 1900 1499 1968 conchae.

488 2006 617 2088 Septem
642 2004 836 2086 Tisiphones
858 2009 892 2069 et
913 2003 963 2070 bis
986 2022 1043 2070 sex
1065 2024 1122 2071 ora
1144 2006 1315 2089 Megaerae

487 2110 639 2194 milleque
662 2109 814 2176 Cerberei
837 2108 947 2177 icnces
970 2114 1003 2175 et
1026 2110 1108 2177 colla
1131 2111 1270 2192 molossi,

487 2223 520 2283 et
542 2215 693 2301 quicquid
715 2214 842 2298 pallens
865 2233 1032 2299 nunquam
1055 2218 1222 2298 conspexit
1245 2220 1410 2283 Avernus:

421 2322 564 2395 orphaeo
585 2322 672 2387 iurat
695 2320 815 2403 caligas
838 2321 892 2404 qui
916 2320 1059 2387 nondum
1083 2322 1175 2403 pusio
1199 2323 1344 2404 sumpsit,

487 2434 521 2495 et
542 2427 592 2494 cni
615 2426 719 2492 mollis
741 2425 847 2493 adhuc
869 2427 995 2493 animus
1019 2427 1170 2507 dignosse
1194 2429 1326 2509 negavit

488 2550 611 2616 angues
634 2532 848 2597 Eumenidum
872 2537 929 2597 aut
950 2532 1084 2599 recidivi
1105 2534 1252 2615 pondere
1274 2534 1352 2599 saxi.

487 2641 531 2705 dt
553 2655 634 2721 qnos
655 2636 764 2702 iudicii
787 2635 948 2718 gravitate
970 2636 1104 2718 peritior
1127 2640 1218 2702 aetas

368 2755 375 2766 “
488 2744 613 2823 imbuit,
636 2742 668 2807 hi
693 2760 859 2807 nnmerum
884 2741 925 2807 ad
949 2742 1066 2823 digitos
1089 2742 1268 2809 subducere
1290 2746 1421 2823 norunt,

422 2868 475 2923 eso
486 2855 564 2934 quot
584 2850 693 2932 piceas
715 2848 857 2915 habeant
879 2846 1071 2913 Acherontis
1093 2847 1226 2913 flumina
1248 2852 1365 2931 guttas,

488 2959 565 3040 quot
588 2955 686 3022 crudo
708 2954 835 3037 possint
856 2953 1014 3019 stabulari
1036 2954 1070 3018 in
1094 2953 1216 3019 viscere
1237 2958 1357 3035 pestes,

456 3072 462 3087 ·
488 3065 567 3155 quot
587 3065 700 3128 teneat
722 3060 850 3146 Stygias
872 3058 1038 3127 Holsatica
1060 3064 1162 3125 tonna
1187 3060 1343 3140 cohortes,

489 3170 644 3231 venturas
667 3170 785 3245 votum,
810 3184 881 3232 cum
905 3182 980 3231 cara
1002 3165 1166 3232 sororcula
1188 3162 1282 3231 fratri
1337 3204 1338 3211 κ

487 3262 587 3359 Χαῖρ’
609 3272 656 3337 uit
677 3275 733 3336 aut
755 3275 886 3352 neptem
910 3271 1034 3335 solatur
1058 3270 1236 3337 avunculus
1259 3286 1399 3351 aegram.
1443 3300 1449 3311 ·

423 3396 474 3451 ant
531 3378 583 3445 Sic
605 3376 696 3441 iuvat
718 3375 759 3441 ad
783 3393 924 3442 canonas
948 3376 1096 3441 devotam
1121 3377 1237 3442 ducere
1260 3375 1357 3442 vitam

377 3569 382 3574 .
488 3483 695 3566 sacratosque
717 3482 784 3547 Deo
809 3499 905 3548 curae
927 3480 1001 3547 huic
1023 3480 1210 3562 impendere
1233 3498 1387 3561 nummos,

376 3634 385 3645 -
487 3595 524 3655 ut
545 3591 663 3655 tremat
684 3592 812 3654 omento
835 3586 1011 3670 pinguique
1036 3586 1206 3653 abdomine
1229 3590 1351 3667 venter,

487 3695 601 3777 viginti
625 3693 782 3775 agricolas
806 3694 936 3775 capiens
960 3698 992 3758 et
1015 3693 1127 3775 iugera
1150 3697 1288 3773 centum,

488 3797 661 3881 hortosque
684 3802 716 3863 et
739 3799 862 3880 patrios
884 3804 1053 3881 promptus
1077 3799 1207 3864 sorbere
1229 3802 1374 3880 penates.

421 3906 529 3983 wollt
551 3904 642 3969 nobis
666 3921 759 3969 nemo
781 3909 906 3970 tantum
931 3902 1076 3971 concedit
1098 3903 1203 3983 agelli,

488 4014 644 4092 qnantum
668 4009 755 4090 talpa
777 4006 867 4089 fodit,
891 4010 979 4092 quod
1002 4026 1072 4074 mns
1096 4013 1176 4088 aret,
1201 4007 1296 4073 unica
1319 4011 1477 4090 qnantum

487 4114 625 4181 brumali
648 4111 781 4179 formica
804 4113 856 4178 die
880 4132 1068 4179 consumere
1091 4118 1210 4195 posset.

529 4219 602 4286 Non
626 4224 696 4285 erat
719 4218 798 4285 haec
821 4220 941 4285 mundo
965 4218 1074 4300 facies,
1098 4238 1168 4285 cum
1192 4218 1293 4285 Roma
1316 4217 1442 4284 rideret

487 4329 678 4409 Angustum,
702 4325 833 4407 dignum
857 4326 986 4391 sublimi
1009 4324 1149 4391 Caesare
1172 4342 1299 4405 nomen,

421 4450 474 4507 aas
487 4452 559 4500 cum
580 4432 800 4499 Maecenatem
825 4430 930 4498 felicia
954 4431 1062 4498 secula
1085 4429 1218 4497 ferrent.

484 4534 576 4602 Tunc
598 4554 703 4603 comes
725 4538 793 4603 ibat
815 4537 917 4603 honos
941 4537 1099 4620 parilique
1122 4537 1315 4619 pedissequa
1337 4552 1435 4617 passu

486 4639 589 4720 gloria
611 4641 766 4708 tendebat
789 4642 901 4708 doctas
923 4642 1148 4725 profitentibus
1173 4646 1269 4721 artes,

488 4754 548 4810 net
571 4745 658 4810 solae
682 4745 887 4813 endromides
910 4747 1089 4831 adsutaque
1114 4747 1209 4813 laena
1232 4746 1392 4826 lacernae,
