3700 5692
928 707 970 774 18

452 895 539 955 Venit
548 896 648 954 'comes
660 893 790 953 ioannes
804 907 822 952 a
836 890 984 965 Rethberg
999 889 1099 950 eadem
1113 888 1255 951 Joaunem
1274 887 1390 952 mamam
1403 897 1522 954 noenum

364 1005 491 1060 veterem
506 1016 588 1058 suum
603 997 729 1059 soddem
744 998 878 1057 inrisere.

452 1105 556 1166 Rattos
580 1119 674 1163 mures
697 1103 829 1178 Angusta
847 1117 907 1162 non
931 1099 989 1162 fert
1010 1102 1047 1163 ob
1068 1102 1123 1160 soli
1146 1101 1190 1179 (ut
1211 1101 1307 1162 Maior
1330 1099 1409 1178 dicit)
1424 1098 1524 1175 trigidi-

364 1215 467 1283 tatem,
488 1210 573 1282 juxta
588 1211 716 1284 papistas
731 1215 841 1283 autem,
864 1208 942 1282 quod
965 1207 992 1267 d.
1009 1207 1101 1268 Uhici
1123 1206 1255 1282 precibus
1276 1207 1312 1270 ab
1335 1206 1379 1268 his
1397 1208 1526 1268 immunes

365 1316 430 1375 sint.

455 1419 528 1478 Tum
542 1421 665 1492 primum
678 1418 862 1479 Malvendnm
881 1435 996 1492 quoque
1018 1418 1120 1479 adesse
1134 1420 1271 1493 comperi.
1310 1419 1383 1478 Item
1395 1416 1528 1476 Bueerum

367 1525 506 1586 delusum.
546 1525 703 1585 Consilium
718 1527 829 1585 comitis
844 1543 863 1585 a
877 1525 992 1586 Nasson
1007 1523 1069 1599 fuit,
1087 1529 1120 1584 ut
1132 1529 1195 1584 tuto
1211 1525 1292 1586 saluo
1308 1522 1458 1584 conductui
1472 1520 1527 1582 (le-

367 1631 440 1690 saris
454 1628 582 1690 fiderem.

456 1734 607 1795 Coeuatum
619 1735 708 1810 igitur
721 1741 766 1794 est
777 1735 856 1809 apud
866 1735 1083 1796 Treuerensem.
1106 1735 1283 1797 IsEubulum
1297 1752 1352 1811 pro
1367 1735 1455 1797 veteri
1466 1735 1531 1794 ami·

367 1841 435 1899 citia
448 1841 612 1900 humaniter
628 1840 750 1914 excepit.
773 1841 938 1900 Intererant
952 1845 1048 1900 autem
1063 1841 1193 1902 convivio
1207 1841 1379 1902 Wilhelmus
1394 1856 1412 1900 a
1425 1839 1530 1900 Nessea

369 1951 398 2004 et
412 1945 589 2022 Dillenberg,
614 1950 643 2006 et
657 1946 676 2004 J
678 1961 785 2023 oannes
808 1945 955 2014 aNasseu
979 1952 1009 2007 et
1024 1946 1169 2007 Sarbruck
1183 1946 1315 2021 comites,
1337 1945 1475 2020 Georgius
1488 1941 1532 2002 ille

368 2051 505 2112 Wicelins
526 2051 628 2111 Fnldae
653 2051 840 2125 perturbator
859 2056 889 2110 et
906 2052 1078 2126 prepositus
1098 2050 1215 2125 quidam
1233 2051 1466 2112 Vratislaviensis
1480 2046 1531 2110 Ge·

369 2158 467 2232 orgius
481 2157 589 2234 Leges,
612 2158 741 2217 homines
756 2157 873 2230 quidem
887 2173 946 2216 non
960 2157 1099 2232 illiterati,
1125 2155 1177 2218 sed
1197 2172 1321 2232 quorum
1341 2156 1463 2218 eruditio
1476 2171 1533 2229 pes·

370 2263 439 2320 sime
453 2263 572 2323 habitet.
612 2263 685 2322 Sunt
706 2263 780 2322 enim
802 2263 900 2322 hostes
924 2265 954 2322 et
969 2268 1167 2335 persecutores
1189 2263 1315 2322 omnium
1330 2265 1379 2339 pie
1393 2262 1534 2324 doctorum

370 2369 511 2443 acerrimi,
534 2373 568 2427 ut
580 2369 658 2428 mille
673 2369 769 2428 verbis
783 2369 897 2443 ipsimet
910 2367 1100 2428 testabantur.
1143 2368 1240 2442 Legna
1261 2369 1313 2430 illa
1333 2369 1424 2428 multa
1438 2367 1473 2428 de
1487 2364 1532 2426 alr

369 2476 521 2548 negatione
535 2475 656 2533 loannis
670 2475 758 2534 Hessi
772 2475 983 2534 concionatoris
997 2473 1221 2534 mundanensis
1236 2472 1359 2550 locutus,
1385 2475 1434 2550 ait,
1449 2474 1535 2547 ipsum

371 2578 462 2638 multa
476 2579 515 2638 ad
529 2585 656 2640 veterem
678 2577 912 2638 consuetudinem
935 2580 1108 2655 immutasse,
1130 2579 1167 2640 ob
1182 2578 1259 2653 quod
1273 2595 1339 2640 cum
1353 2581 1427 2642 male
1441 2595 1460 2640 a
1473 2577 1534 2638 ciri·

371 2682 425 2743 bns
441 2684 501 2742 suis
514 2683 638 2758 audiret,
655 2684 737 2756 quasi
751 2683 789 2742 ad
803 2682 914 2743 felicius
930 2685 1010 2744 navis
1024 2686 1099 2744 latus
1114 2684 1277 2760 posthabita
1291 2685 1400 2746 Christi
1415 2684 1538 2747 decuma

372 2805 404 2848 se
417 2789 578 2864 inclinaret,
602 2804 663 2863 prae
678 2804 802 2848 moerore
818 2795 1015 2866 consumptum
1029 2806 1101 2851 esse.
1126 2790 1183 2850 Sed
1197 2792 1261 2865 quis
1280 2791 1412 2865 pessimis
1425 2789 1537 2852 homini·

374 2895 437 2969 bns,
453 2894 585 2955 debonis
601 2893 718 2954 sinistm
733 2896 925 2970 namnetibus,
941 2893 1027 2955 fidem
1041 2895 1200 2956 adhibenti
1222 2897 1368 2958 Bucerum
1382 2897 1539 2958 nesciebant

373 3015 459 3072 quem
472 2998 614 3074 iacerent,
638 3015 715 3058 nnnc
729 3016 795 3060 eum
810 3002 1005 3076 sacerdotem,
1027 3018 1063 3060 ex
1078 3000 1227 3062 sacerdote
1242 3002 1485 3078 dominicastrnm,
1506 3015 1538 3060 ex

373 3105 574 3164 dominicastro
590 3103 825 3181 caniusienum,
848 3124 884 3166 ex
906 3105 1097 3166 Carthasiano
1117 3102 1241 3170 anilcnm
1262 3115 1292 3169 et
1305 3109 1386 3171 haud
1400 3110 1459 3170 scio
1472 3122 1538 3181 quos

373 3212 616 3286 metamorphoses
639 3211 682 3269 illi
705 3210 911 3285 attribuentes,
942 3212 1192 3286 chamelopardum
1215 3216 1334 3290 insuper
1357 3215 1538 3276 nominantes.

376 3313 505 3374 Tandem
519 3315 651 3378 effutiunt
665 3317 718 3377 sub
734 3316 813 3377 saluo
826 3316 968 3376 conductu
978 3316 1091 3391 quidem
1098 3319 1240 3380 Bucernm
1248 3320 1411 3395 Angustam
1425 3319 1538 3390 venisse,

373 3420 425 3480 sed
442 3423 603 3483 arctissima
625 3422 755 3482 custodia
770 3423 823 3482 sub
837 3421 1011 3483 marchionis
1027 3423 1158 3484 electoris
1182 3427 1382 3488 commissione
1403 3425 1503 3499 teneri,
1524 3438 1551 3482 a·

375 3527 428 3588 deo
442 3544 479 3587 ne
493 3528 660 3588 schedulam
675 3526 789 3602 quidem
803 3525 882 3588 foras
897 3528 1022 3589 scribere
1036 3529 1145 3590 liceret.
1174 3531 1248 3592 Item
1262 3533 1387 3594 eundem
1398 3533 1460 3606 jum
1472 3543 1540 3604 pene

375 3633 488 3694 dnobus
509 3636 678 3709 scriptisse
701 3633 788 3693 alium
808 3632 936 3694 iuturum
957 3639 1092 3694 testatum
1113 3651 1185 3696 esse.
1230 3637 1285 3696 His
1310 3639 1448 3700 Wiceliue
1467 3633 1541 3697 velut

375 3739 469 3798 oleum
483 3741 593 3800 camino
608 3739 825 3798 subministrans
832 3738 982 3814 Philippus
992 3739 1163 3801 Melanthon
1177 3743 1265 3803 multo
1280 3745 1410 3818 apertius
1424 3744 1540 3802 mentem

376 3843 462 3902 aliam
476 3844 539 3917 ejus
554 3860 626 3919 esse,
642 3860 727 3919 qnam
741 3844 873 3919 antehac,
889 3845 996 3920 scripto
1012 3849 1144 3905 testatur.
1178 3848 1218 3908 Ut
1231 3848 1347 3908 interim
1366 3853 1539 3923 praeteream,

375 3964 440 4040 qua
463 3951 494 4006 in
509 3950 645 4025 optimum
659 3950 752 4008 virum
766 3950 863 4010 Vitum
878 3950 1061 4010 Theodorum
1082 3951 1280 4014 deblateravit.
1326 3954 1384 4014 Sed
1407 3953 1445 4016 alr
1458 3950 1541 4027 pudet

376 4058 406 4114 et
425 4052 504 4114 dolet
523 4054 608 4128 hujns
635 4052 813 4116 camerinae¹
846 4056 991 4117 homiuum
1012 4057 1058 4123 vel
1076 4057 1220 4120 audivisse
1243 4061 1289 4120 vel
1302 4059 1473 4133 meminisse,
1496 4053 1540 4129 qui

375 4160 498 4234 magiam
513 4166 542 4221 et
556 4160 718 4220 idolatriam
733 4162 882 4237 propalam
896 4161 1078 4230 confitentur.
1251 4220 1253 4226 ,
1654 4213 1655 4218 ,

462 4265 542 4326 Nota
556 4267 592 4327 de
608 4268 710 4327 comite
723 4269 754 4326 in
769 4267 923 4342 Hispania,
949 4269 999 4342 qui
1020 4285 1073 4344 per
1088 4285 1171 4328 sunm
1193 4269 1281 4332 fidum
1295 4269 1499 4332 cubicularium
1512 4279 1540 4324 se

371 4370 498 4448 jugulari
512 4378 664 4433 cenaverat
678 4389 712 4432 ac
725 4373 839 4432 humari
851 4359 950 4447 jussit,
974 4389 1094 4448 sperans
1109 4391 1140 4435 se
1153 4375 1231 4436 intra
1252 4391 1363 4437 menses
1379 4375 1488 4449 aliquot
1497 4372 1540 4446 jn·

195 4452 197 4471 Α
376 4486 574 4540 senescentem
595 4479 634 4540 ad
656 4480 745 4539 vitam
766 4477 863 4538 redire
878 4494 963 4552 posse
978 4485 1031 4540 etc.
1062 4485 1092 4539 et
1112 4480 1189 4554 quod
1211 4487 1320 4557 septem
1339 4480 1484 4542 mensibus
1497 4491 1539 4538 se·
1654 4535 1655 4550 ,

376 4581 496 4653 pulchro
524 4589 627 4658 aperto
647 4585 780 4644 inventus
801 4585 838 4643 sit
859 4587 997 4656 tanquam
1018 4583 1112 4646 infans
1130 4587 1161 4646 in
1182 4593 1266 4648 utero
1287 4589 1386 4650 muts
1406 4597 1538 4657 metuens,

953 4721 970 4758 a

451 4808 463 4852 1
483 4802 615 4868 ihrrjusce
632 4804 723 4857 farine
740 4805 883 4858 hominum.
