3700 5692
819 727 899 823 'tel

281 950 344 1009 qna
358 935 518 1008 docuerint,
542 952 577 996 eo
591 937 687 997 animo
701 942 732 997 et
746 936 844 996 dicant
863 942 893 997 et
911 934 1060 1011 edoceant,
1084 944 1117 997 nt
1136 940 1230 1011 potius
1251 940 1338 999 animi
1357 939 1454 1000 subdi·

279 1046 376 1101 torum
389 1041 437 1101 vol
451 1041 656 1116 dnupulorun
670 1042 844 1115 alliciamnr,
861 1058 947 1115 qnam
961 1044 1007 1103 vel
1023 1050 1171 1119 cogantur,
1188 1046 1234 1105 vel
1248 1046 1277 1105 vi
1292 1045 1454 1119 adigantur.
1477 1072 1482 1078 ·

279 1145 411 1207 Christus
426 1147 503 1207 enim
521 1146 594 1207 nihil
612 1148 672 1206 suis
693 1147 872 1209 sermonibus
892 1149 1033 1223 quesivit,
1057 1149 1135 1221 quod
1154 1150 1210 1224 ipsi
1228 1151 1388 1225 inlncrum
1409 1167 1455 1211 oe·

278 1248 363 1311 deret
376 1256 429 1311 ant
448 1268 502 1324 per
519 1250 598 1324 quod
618 1267 678 1309 sure
700 1252 848 1313 ambitioni
871 1250 1025 1313 satisfieret
1046 1259 1100 1313 cte.
1140 1254 1187 1313 Sic
1207 1255 1370 1328 superiores
1389 1272 1456 1327 pro·

277 1362 396 1431 curent,
419 1362 460 1429 ut,
484 1372 548 1431 qum
570 1359 678 1431 populo
700 1356 849 1430 dicuntur,
873 1356 912 1417 ad
934 1357 997 1417 hoec
1018 1357 1160 1419 destinate
1182 1360 1253 1432 sint,
1277 1364 1310 1418 ut
1332 1360 1455 1434 populus

276 1461 339 1534 ipse
353 1476 527 1535 cognoscere
542 1466 639 1534 queat,
662 1462 726 1521 hsec
746 1465 843 1521 animo
858 1478 928 1535 erga
947 1462 1012 1525 illos
1032 1462 1156 1537 benigno
1177 1469 1206 1524 et
1225 1480 1283 1523 non
1302 1482 1356 1525 sua
1375 1482 1453 1539 quae·

267 1566 368 1653 urentis
388 1566 467 1627 dmto
485 1572 516 1625 et
537 1567 636 1641 populi
656 1564 814 1639 proiectum
837 1569 929 1641 queri
949 1574 1002 1629 etc.
1041 1569 1116 1633 Nam
1135 1570 1230 1631 nobile
1251 1570 1395 1643 quoddam
1409 1577 1454 1631 est

195 1755 198 1760 y
276 1670 314 1729 de
327 1671 454 1745 homine,
470 1671 578 1731 mavolt
590 1671 732 1731 humanus
747 1675 858 1733 animus
878 1675 1065 1747 persuasione
1079 1676 1151 1735 recti
1167 1675 1262 1749 potius
1284 1674 1349 1735 duci
1368 1692 1454 1749 quom

274 1774 362 1833 trahi
392 1774 456 1835 Nec
470 1777 546 1835 enim
559 1778 671 1839 animun
686 1793 757 1853 erga
769 1794 803 1839 se
823 1783 981 1853 presentes
1002 1779 1181 1843 subditorum
1201 1796 1319 1839 suornm
1338 1782 1454 1854 tyranni

274 1880 383 1942 nabere
405 1886 540 1954 possunt,
563 1882 614 1955 qui
636 1883 697 1941 sine
719 1882 797 1941 omni
819 1883 997 1943 humanitate
1019 1884 1168 1960 quicquid,
1193 1884 1269 1959 quod
1292 1886 1362 1959 ipsis
1385 1885 1453 1945 solis

273 1986 355 2046 locro
378 1984 455 2045 cedit
469 2001 509 2045 ac
527 1991 628 2047 contra
649 2002 761 2060 equum
784 1995 813 2048 et
834 1988 1007 2063 probitatem
1027 1987 1105 2063 iecit,
1128 1990 1234 2065 populo
1255 1992 1405 2064 imponunt
1424 1996 1454 2049 et

272 2092 302 2149 vi
316 2090 419 2163 solum,
443 2091 526 2149 minis
545 2095 577 2150 et
593 2091 688 2164 gladio
707 2094 787 2151 illum
806 2093 844 2151 od
862 2094 934 2153 talia
954 2100 1067 2167 cogunt.
1105 2094 1180 2153 Num
1198 2101 1231 2153 ut
1250 2096 1381 2153 surculus
1401 2111 1452 2153 seu

272 2195 431 2269 virgultum
445 2197 492 2258 ein
506 2195 718 2272 Wieddohlung
737 2200 793 2257 etsi
812 2200 912 2271 vique
932 2205 964 2259 tn
979 2199 1057 2259 voles
1078 2204 1205 2260 retortus
1224 2206 1286 2259 ate
1308 2198 1402 2281 inerit,
1426 2199 1451 2255 si

271 2300 329 2361 sibi
342 2302 537 2376 permittatur,
560 2319 662 2361 rursus
675 2303 706 2361 in
721 2308 830 2362 rectum
845 2304 914 2378 abit,
939 2306 980 2363 sic
995 2305 1130 2378 quicquid
1149 2306 1375 2378 repugnantibus
1391 2305 1451 2363 eui·

271 2407 326 2464 mis
340 2404 384 2480 fit,
407 2406 522 2466 tandem
541 2408 572 2466 in
589 2408 667 2468 idem
685 2409 848 2469 revertitur.
879 2410 1008 2484 Repetiit
1028 2425 1141 2482 quoque
1162 2426 1226 2482 quae
1247 2426 1304 2469 xxx
1324 2408 1396 2483 Msii
1415 2408 1450 2467 de

272 2510 428 2571 dilectione
449 2519 610 2588 monuerat,
633 2513 754 2587 scilicet,
777 2514 855 2587 quod
874 2506 1070 2588 pusillanimes
1093 2514 1188 2574 dicere
1211 2518 1342 2588 possent:
1367 2512 1449 2571 Chri·

273 2623 337 2677 stus
351 2620 383 2677 iu
403 2619 535 2678 omnibus
553 2616 609 2679 luit
626 2618 785 2694 perlectus,
808 2618 900 2679 facilis
921 2618 976 2679 luit
996 2619 1061 2677 huie
1083 2619 1210 2691 dilectio;
1235 2620 1354 2679 etmihi
1374 2621 1450 2679 omni

273 2709 311 2782 ex
324 2729 410 2797 perte
424 2725 500 2793 malo
520 2728 550 2783 el
568 2725 714 2796 peccatori
732 2724 874 2798 quomodo
895 2728 952 2784 erit
970 2723 1099 2801 perfecto
1119 2723 1254 2784 dilectio?
1284 2724 1384 2800 Audis,
1408 2726 1451 2785 iu·

273 2827 358 2902 quit?
388 2828 451 2889 Nos
465 2829 563 2918 miseri
578 2829 608 2886 iu
622 2828 676 2887 hoc
690 2829 786 2889 necue
801 2830 873 2890 uibil
887 2829 926 2891 ad
940 2830 1098 2903 perlectum
1113 2832 1271 2907 perducere
1288 2837 1317 2891 et
1331 2846 1449 2905 prorsus

273 2935 360 3009 nihil,
384 2941 493 3009 preter
506 2932 579 2993 velle
600 2948 705 3007 cupere
725 2940 755 2995 et
774 2941 889 3008 optasse
904 2936 1011 2996 Christi
1029 2943 1175 3012 praecepta
1194 2936 1326 3010 implere,
1350 2952 1449 2997 conse·

273 3041 324 3114 qni
337 3055 500 3113 possumus.
530 3039 595 3098 Huc
608 3039 697 3111 igitur
716 3041 841 3099 animum
855 3040 1007 3115 aduertite,
1030 3048 1063 3101 ut
1082 3059 1117 3103 ex
1136 3042 1222 3102 corde
1241 3043 1322 3103 bono.
1337 3050 1366 3103 et
1381 3060 1447 3102 con-

273 3146 396 3205 scientia
417 3144 524 3206 munda
546 3146 646 3219 cupias
669 3149 699 3203 et
720 3150 802 3217 optes
823 3151 968 3219 proecepte
989 3146 1095 3215 Christi
1115 3148 1248 3221 implere,
1278 3148 1364 3207 deum
1384 3148 1447 3209 dili·

272 3267 342 3325 gere
365 3255 396 3311 et
415 3251 586 3326 proximum,
609 3255 640 3309 et
660 3250 789 3325 numquis
807 3265 860 3322 pro
880 3265 933 3308 suo
954 3248 1039 3325 dono,
1063 3256 1201 3323 quantum
1221 3250 1301 3312 Deus
1319 3254 1362 3311 illi
1382 3269 1449 3313 cou-

272 3355 406 3429 cessent,
430 3356 492 3415 nec
513 3357 632 3429 implere
651 3354 779 3428 studeat3
803 3357 829 3413 oi
848 3371 906 3429 qua
925 3352 1047 3428 labaris,
1072 3372 1108 3414 ne
1130 3372 1243 3414 cursum
1265 3357 1447 3417 intermittas.

272 3459 388 3526 Deinde
401 3460 500 3523 docuit
513 3462 656 3535 quomodo
670 3461 805 3535 goudium
822 3459 929 3521 Christi
943 3461 973 3519 in
989 3461 1071 3520 nobis
1085 3466 1255 3535 permaneat
1269 3468 1298 3521 et
1312 3460 1447 3534 geudiom

272 3572 404 3626 nostrum
423 3567 453 3625 in
474 3583 509 3625 eo
531 3567 715 3640 compleatur.
754 3567 850 3627 Voluit
872 3571 1021 3625 autemut
1042 3582 1159 3641 operam
1181 3565 1284 3625 dorent
1307 3566 1447 3641 discipuli,

273 3688 330 3743 quo
352 3677 503 3745 acceptum
524 3688 577 3745 per
601 3688 666 3731 eum
689 3673 841 3747 gaudium,
864 3673 974 3733 scilicet
993 3673 1084 3747 patris
1107 3669 1314 3743 misericordis,
1338 3668 1394 3729 fide
1412 3673 1447 3727 et

273 3778 457 3840 conscientie
476 3780 603 3849 puritate
625 3782 837 3838 conservarent.
876 3778 923 3837 Sic
942 3777 1050 3838 Peneius
1069 3777 1154 3851 jubet
1172 3776 1371 3851 Philippenses
1393 3777 1445 3833 im·

272 3884 354 3955 plere
368 3898 451 3941 suum
465 3882 610 3955 modium.
641 3883 697 3958 Sic,
720 3882 934 3956 domnellus,
957 3888 1061 3955 etune,
1086 3884 1135 3955 qni
1149 3881 1287 3941 hacteuus
1306 3882 1386 3942 vobis
1401 3881 1448 3940 hic
1486 3894 1489 3901 ·

272 3988 456 4062 logostein
471 3987 562 4047 verbo
576 3986 683 4049 domini
697 3985 873 4061 profuimus,
890 3988 986 4047 dicere
1001 4004 1158 4063 possemus.
1191 3989 1275 4047 Scitis
1292 3988 1366 4047 enim
1383 4003 1445 4045 cum

272 4094 398 4167 primum
419 4093 585 4165 evangelica
607 4093 714 4154 veritos
735 4092 813 4166 apud
836 4110 887 4152 vos
910 4094 1071 4154 elucescere
1099 4094 1199 4168 coepit,
1229 4111 1314 4169 quern
1337 4094 1447 4153 alacres

272 4199 363 4260 verbo
375 4198 520 4259 audiendo
534 4195 655 4273 fueritis,
679 4199 825 4260 vobiscum
843 4199 874 4257 in
892 4200 1000 4273 templo
1019 4199 1188 4273 psalteriola
1207 4204 1257 4258 aut
1274 4200 1378 4257 librum
1393 4198 1447 4255 ali-¹

259 4320 357 4382 §quem
378 4320 525 4364 sacrarum
540 4304 704 4373 cantionum
724 4303 886 4363 deferentes
901 4306 968 4362 novi
988 4304 1152 4363 testamenti
1172 4302 1298 4363 codicem
1313 4304 1344 4360 iu
1359 4302 1446 4360 eccle-

272 4411 315 4479 sia
328 4409 535 4484 inspiciebam,
557 4408 635 4470 domi
649 4424 732 4470 sacro
753 4410 841 4471 biblia
860 4409 1026 4483 volvebntis,
1048 4410 1072 4469 si
1087 4408 1201 4487 quando
1217 4408 1359 4472 concionis
1373 4408 1446 4467 hora

271 4515 409 4588 instabat,
432 4514 650 4587 ealrequentiu
669 4516 700 4575 in
721 4514 776 4573 hac
796 4530 879 4575 sacra
899 4514 962 4574 sedo
984 4514 1085 4587 eretis,
1110 4518 1142 4571 ut
1160 4514 1208 4571 vix
1226 4513 1312 4571 alicui
1333 4514 1445 4573 tardius

271 4620 400 4684 venienti
413 4620 493 4682 loom
506 4624 593 4679 esset.
622 4619 715 4701 Nunc,
731 4620 828 4681 nescio
843 4623 893 4695 qui
907 4618 968 4695 hat,
990 4637 1041 4680 vos
1060 4619 1143 4679 video
1158 4618 1389 4693 negligentiores,
1414 4620 1443 4677 in

272 4724 462 4787 decantandis
481 4726 598 4799 psalmis
618 4724 809 4799 remissiores,
833 4734 965 4786 etratus
987 4724 1099 4798 estqui
1119 4740 1222 4781 novum
1242 4728 1444 4783 testamentum
1523 4773 1530 4783 .

271 4846 367 4891 aecum
381 4837 489 4905 portet,
513 4836 542 4890 et
556 4831 624 4892 dum
638 4829 738 4888 humor
753 4846 832 4889 aurae
848 4828 933 4890 flatus
948 4832 1066 4905 aspirat,
1089 4829 1171 4889 multi
1190 4844 1208 4889 e
1228 4830 1349 4889 veritate
1369 4830 1443 4887 rele-

1187 4938 1205 4993 9
1216 4932 1232 4968 ²l¹
