<?xml version="1.0" encoding="UTF-8"?>
<!DOCTYPE html PUBLIC "-//W3C//DTD XHTML 1.0 Transitional//EN"
    "http://www.w3.org/TR/xhtml1/DTD/xhtml1-transitional.dtd">
<html xmlns="http://www.w3.org/1999/xhtml" xml:lang="en" lang="en">
 <head>
  <title>
</title>
<meta http-equiv="Content-Type" content="text/html;charset=utf-8" />
  <meta name='ocr-system' content='tesseract 3.04.00' />
  <meta name='ocr-capabilities' content='ocr_page ocr_carea ocr_par ocr_line ocrx_word'/>
</head>
<body>
  <div class='ocr_page' id='page_1' title='image "./scherzgedichte01laurgoog_0355.png"; bbox 0 0 3700 5692; ppageno 0'>
   <div class='ocr_carea' id='block_1_1' title="bbox 370 905 1545 2785">
    <p class='ocr_par' dir='ltr' id='par_1_1' title="bbox 370 905 1540 1726">
     <span class='ocr_line' id='line_1_1' title="bbox 377 905 1538 988; baseline -0.007 -13"><span class='ocrx_word' id='word_1_1' title='bbox 377 912 664 988; x_wconf 58' lang='lat' dir='ltr'>Saxonia,‚ioannes</span> <span class='ocrx_word' id='word_1_2' title='bbox 681 908 848 970; x_wconf 82' lang='lat' dir='ltr'>Fridericus</span> <span class='ocrx_word' id='word_1_3' title='bbox 863 909 992 985; x_wconf 82' lang='lat' dir='ltr'>captivus</span> <span class='ocrx_word' id='word_1_4' title='bbox 1007 907 1200 971; x_wconf 86' lang='lat' dir='ltr'>etMauritius</span> <span class='ocrx_word' id='word_1_5' title='bbox 1213 921 1335 984; x_wconf 87' lang='lat' dir='ltr'>corpure</span> <span class='ocrx_word' id='word_1_6' title='bbox 1345 905 1426 982; x_wconf 89' lang='lat' dir='ltr'>liber,</span> <span class='ocrx_word' id='word_1_7' title='bbox 1440 906 1538 970; x_wconf 85' lang='lat' dir='ltr'>elector</span> 
     </span>
     <span class='ocr_line' id='line_1_2' title="bbox 377 1013 1537 1092; baseline -0.004 -12"><span class='ocrx_word' id='word_1_8' title='bbox 377 1019 567 1092; x_wconf 80' lang='lat' dir='ltr'>treverensis,</span> <span class='ocrx_word' id='word_1_9' title='bbox 594 1017 790 1092; x_wconf 79' lang='lat' dir='ltr'>moguntinus,</span> <span class='ocrx_word' id='word_1_10' title='bbox 816 1016 1003 1090; x_wconf 88' lang='lat' dir='ltr'>coloniensis,</span> <span class='ocrx_word' id='word_1_11' title='bbox 1032 1015 1185 1075; x_wconf 77' lang='lat' dir='ltr'>cardmalis</span> <span class='ocrx_word' id='word_1_12' title='bbox 1214 1013 1385 1074; x_wconf 84' lang='lat' dir='ltr'>tridentinus</span> <span class='ocrx_word' id='word_1_13' title='bbox 1407 1017 1435 1073; x_wconf 91' lang='lat' dir='ltr'>et</span> <span class='ocrx_word' id='word_1_14' title='bbox 1457 1029 1537 1088; x_wconf 74' lang='lat' dir='ltr'>cupu-</span> 
     </span>
     <span class='ocr_line' id='line_1_3' title="bbox 370 1118 1538 1205; baseline -0.007 -19"><span class='ocrx_word' id='word_1_15' title='bbox 370 1132 492 1199; x_wconf 89' lang='lat' dir='ltr'>stanus,</span> <span class='ocrx_word' id='word_1_16' title='bbox 516 1121 644 1184; x_wconf 84' lang='lat' dir='ltr'>marchio</span> <span class='ocrx_word' id='word_1_17' title='bbox 664 1122 772 1181; x_wconf 77' lang='lat' dir='ltr'>elector</span> <span class='ocrx_word' id='word_1_18' title='bbox 787 1126 817 1181; x_wconf 91' lang='lat' dir='ltr'>et</span> <span class='ocrx_word' id='word_1_19' title='bbox 830 1120 958 1181; x_wconf 82' lang='lat' dir='ltr'>loannes</span> <span class='ocrx_word' id='word_1_20' title='bbox 973 1123 1036 1195; x_wconf 90' lang='lat' dir='ltr'>ejus</span> <span class='ocrx_word' id='word_1_21' title='bbox 1050 1119 1155 1196; x_wconf 82' lang='lat' dir='ltr'>trater,</span> <span class='ocrx_word' id='word_1_22' title='bbox 1174 1136 1227 1180; x_wconf 86' lang='lat' dir='ltr'>nee</span> <span class='ocrx_word' id='word_1_23' title='bbox 1241 1135 1299 1181; x_wconf 90' lang='lat' dir='ltr'>nen</span> <span class='ocrx_word' id='word_1_24' title='bbox 1313 1118 1448 1205; x_wconf 86' lang='lat' dir='ltr'>Albertus</span> <span class='ocrx_word' id='word_1_25' title='bbox 1460 1119 1538 1180; x_wconf 91' lang='lat' dir='ltr'>bran-</span> 
     </span>
     <span class='ocr_line' id='line_1_4' title="bbox 377 1224 1540 1304; baseline -0.004 -13"><span class='ocrx_word' id='word_1_26' title='bbox 377 1229 595 1304; x_wconf 79' lang='lat' dir='ltr'>denburgensis,</span> <span class='ocrx_word' id='word_1_27' title='bbox 605 1228 774 1289; x_wconf 88' lang='lat' dir='ltr'>Wilhelmus</span> <span class='ocrx_word' id='word_1_28' title='bbox 783 1227 915 1286; x_wconf 70' lang='lat' dir='ltr'>Bavurm</span> <span class='ocrx_word' id='word_1_29' title='bbox 932 1227 991 1287; x_wconf 86' lang='lat' dir='ltr'>dux</span> <span class='ocrx_word' id='word_1_30' title='bbox 1003 1243 1067 1286; x_wconf 92' lang='lat' dir='ltr'>cum</span> <span class='ocrx_word' id='word_1_31' title='bbox 1074 1225 1195 1288; x_wconf 71' lang='lat' dir='ltr'>ailberto</span> <span class='ocrx_word' id='word_1_32' title='bbox 1207 1224 1267 1286; x_wconf 90' lang='lat' dir='ltr'>filio</span> <span class='ocrx_word' id='word_1_33' title='bbox 1282 1231 1313 1285; x_wconf 88' lang='lat' dir='ltr'>et</span> <span class='ocrx_word' id='word_1_34' title='bbox 1325 1225 1402 1285; x_wconf 90' lang='lat' dir='ltr'>omni</span> <span class='ocrx_word' id='word_1_35' title='bbox 1416 1239 1540 1300; x_wconf 80' lang='lat' dir='ltr'>gynteccc</span> 
     </span>
     <span class='ocr_line' id='line_1_5' title="bbox 374 1327 1539 1411; baseline -0.005 -16"><span class='ocrx_word' id='word_1_36' title='bbox 374 1345 442 1411; x_wconf 82' lang='lat' dir='ltr'>sue,</span> <span class='ocrx_word' id='word_1_37' title='bbox 462 1334 566 1395; x_wconf 86' lang='lat' dir='ltr'>Erieus</span> <span class='ocrx_word' id='word_1_38' title='bbox 587 1338 617 1394; x_wconf 93' lang='lat' dir='ltr'>et</span> <span class='ocrx_word' id='word_1_39' title='bbox 636 1333 787 1408; x_wconf 78' lang='lat' dir='ltr'><strong>Philippus</strong></span> <span class='ocrx_word' id='word_1_40' title='bbox 806 1332 893 1393; x_wconf 87' lang='lat' dir='ltr'>duces</span> <span class='ocrx_word' id='word_1_41' title='bbox 913 1347 934 1392; x_wconf 87' lang='lat' dir='ltr'>a</span> <span class='ocrx_word' id='word_1_42' title='bbox 951 1332 1150 1406; x_wconf 82' lang='lat' dir='ltr'>Brunschwig,</span> <span class='ocrx_word' id='word_1_43' title='bbox 1171 1337 1201 1391; x_wconf 94' lang='lat' dir='ltr'>et</span> <span class='ocrx_word' id='word_1_44' title='bbox 1220 1331 1361 1392; x_wconf 86' lang='lat' dir='ltr'>Ernestus</span> <span class='ocrx_word' id='word_1_45' title='bbox 1381 1345 1400 1390; x_wconf 88' lang='lat' dir='ltr'>a</span> <span class='ocrx_word' id='word_1_46' title='bbox 1420 1327 1539 1390; x_wconf 81' lang='lat' dir='ltr'>(imben-</span> 
     </span>
     <span class='ocr_line' id='line_1_6' title="bbox 376 1435 1540 1516; baseline -0.006 -15"><span class='ocrx_word' id='word_1_47' title='bbox 376 1441 471 1516; x_wconf 76' lang='lat' dir='ltr'>hagen</span> <span class='ocrx_word' id='word_1_48' title='bbox 483 1446 537 1500; x_wconf 88' lang='lat' dir='ltr'>eto.</span> <span class='ocrx_word' id='word_1_49' title='bbox 558 1456 652 1500; x_wconf 89' lang='lat' dir='ltr'>comes</span> <span class='ocrx_word' id='word_1_50' title='bbox 668 1439 830 1513; x_wconf 85' lang='lat' dir='ltr'>sNassaw,</span> <span class='ocrx_word' id='word_1_51' title='bbox 846 1437 963 1499; x_wconf 91' lang='lat' dir='ltr'>domina</span> <span class='ocrx_word' id='word_1_52' title='bbox 977 1439 1110 1513; x_wconf 90' lang='lat' dir='ltr'>princeps</span> <span class='ocrx_word' id='word_1_53' title='bbox 1124 1437 1248 1511; x_wconf 84' lang='lat' dir='ltr'>Hessiae,</span> <span class='ocrx_word' id='word_1_54' title='bbox 1265 1437 1374 1496; x_wconf 87' lang='lat' dir='ltr'>elector</span> <span class='ocrx_word' id='word_1_55' title='bbox 1387 1435 1540 1510; x_wconf 73' lang='lat' dir='ltr'>Mauritius,</span> 
     </span>
     <span class='ocr_line' id='line_1_7' title="bbox 377 1542 1540 1628; baseline -0.004 -22"><span class='ocrx_word' id='word_1_56' title='bbox 377 1548 525 1621; x_wconf 90' lang='lat' dir='ltr'>episeopus</span> <span class='ocrx_word' id='word_1_57' title='bbox 544 1545 756 1618; x_wconf 80' lang='lat' dir='ltr'>eichstetensis,</span> <span class='ocrx_word' id='word_1_58' title='bbox 773 1543 939 1604; x_wconf 88' lang='lat' dir='ltr'>Fridericus</span> <span class='ocrx_word' id='word_1_59' title='bbox 958 1543 1107 1604; x_wconf 79' lang='lat' dir='ltr'>Palatinus</span> <span class='ocrx_word' id='word_1_60' title='bbox 1122 1543 1239 1618; x_wconf 83' lang='lat' dir='ltr'>elector,</span> <span class='ocrx_word' id='word_1_61' title='bbox 1254 1542 1474 1628; x_wconf 68' lang='lat' dir='ltr'>saltzburgensis</span> <span class='ocrx_word' id='word_1_62' title='bbox 1488 1543 1540 1618; x_wconf 89' lang='lat' dir='ltr'>epi-</span> 
     </span>
     <span class='ocr_line' id='line_1_8' title="bbox 376 1649 1490 1726; baseline -0.004 -14"><span class='ocrx_word' id='word_1_63' title='bbox 376 1667 490 1726; x_wconf 88' lang='lat' dir='ltr'>scopus,</span> <span class='ocrx_word' id='word_1_64' title='bbox 506 1651 687 1726; x_wconf 87' lang='lat' dir='ltr'>coloniensis,</span> <span class='ocrx_word' id='word_1_65' title='bbox 703 1651 873 1710; x_wconf 87' lang='lat' dir='ltr'>trevirensis</span> <span class='ocrx_word' id='word_1_66' title='bbox 887 1650 948 1710; x_wconf 87' lang='lat' dir='ltr'>fere</span> <span class='ocrx_word' id='word_1_67' title='bbox 965 1668 1000 1710; x_wconf 86' lang='lat' dir='ltr'>ex</span> <span class='ocrx_word' id='word_1_68' title='bbox 1016 1650 1116 1710; x_wconf 84' lang='lat' dir='ltr'>ordine</span> <span class='ocrx_word' id='word_1_69' title='bbox 1130 1649 1256 1722; x_wconf 87' lang='lat' dir='ltr'>hospitia</span> <span class='ocrx_word' id='word_1_70' title='bbox 1270 1649 1366 1708; x_wconf 85' lang='lat' dir='ltr'>vicina</span> <span class='ocrx_word' id='word_1_71' title='bbox 1379 1649 1490 1710; x_wconf 86' lang='lat' dir='ltr'>habent.</span> 
     </span>
    </p>

    <p class='ocr_par' dir='ltr' id='par_1_2' title="bbox 375 1755 1545 2785">
     <span class='ocr_line' id='line_1_9' title="bbox 465 1755 1541 1834; baseline 0 -18"><span class='ocrx_word' id='word_1_72' title='bbox 465 1773 503 1816; x_wconf 83' lang='lat' dir='ltr'>xv</span> <span class='ocrx_word' id='word_1_73' title='bbox 517 1755 635 1832; x_wconf 83' lang='lat' dir='ltr'>Aprilis,</span> <span class='ocrx_word' id='word_1_74' title='bbox 652 1773 717 1830; x_wconf 81' lang='lat' dir='ltr'>quse</span> <span class='ocrx_word' id='word_1_75' title='bbox 733 1763 797 1816; x_wconf 86' lang='lat' dir='ltr'>erut</span> <span class='ocrx_word' id='word_1_76' title='bbox 809 1755 952 1816; x_wconf 90' lang='lat' dir='ltr'>dominica</span> <span class='ocrx_word' id='word_1_77' title='bbox 968 1755 1183 1816; x_wconf 76' lang='lat' dir='ltr'>Misericordiae</span> <span class='ocrx_word' id='word_1_78' title='bbox 1198 1755 1325 1830; x_wconf 89' lang='lat' dir='ltr'>Domini,</span> <span class='ocrx_word' id='word_1_79' title='bbox 1341 1757 1435 1834; x_wconf 78' lang='lat' dir='ltr'>animo</span> <span class='ocrx_word' id='word_1_80' title='bbox 1450 1757 1541 1816; x_wconf 87' lang='lat' dir='ltr'>statui·</span> 
     </span>
     <span class='ocr_line' id='line_1_10' title="bbox 377 1860 1541 1940; baseline -0.003 -16"><span class='ocrx_word' id='word_1_81' title='bbox 377 1880 453 1940; x_wconf 92' lang='lat' dir='ltr'>mus,</span> <span class='ocrx_word' id='word_1_82' title='bbox 469 1866 495 1924; x_wconf 93' lang='lat' dir='ltr'>si</span> <span class='ocrx_word' id='word_1_83' title='bbox 510 1864 641 1938; x_wconf 89' lang='lat' dir='ltr'>daretur,</span> <span class='ocrx_word' id='word_1_84' title='bbox 661 1865 825 1926; x_wconf 90' lang='lat' dir='ltr'>concionem</span> <span class='ocrx_word' id='word_1_85' title='bbox 841 1880 953 1923; x_wconf 82' lang='lat' dir='ltr'>sacram</span> <span class='ocrx_word' id='word_1_86' title='bbox 968 1863 1093 1922; x_wconf 86' lang='lat' dir='ltr'>Musculi</span> <span class='ocrx_word' id='word_1_87' title='bbox 1107 1860 1217 1922; x_wconf 87' lang='lat' dir='ltr'>audire.</span> <span class='ocrx_word' id='word_1_88' title='bbox 1255 1861 1284 1920; x_wconf 94' lang='lat' dir='ltr'>Is</span> <span class='ocrx_word' id='word_1_89' title='bbox 1299 1864 1331 1920; x_wconf 92' lang='lat' dir='ltr'>in</span> <span class='ocrx_word' id='word_1_90' title='bbox 1346 1861 1454 1938; x_wconf 89' lang='lat' dir='ltr'>templo</span> <span class='ocrx_word' id='word_1_91' title='bbox 1467 1861 1541 1922; x_wconf 85' lang='lat' dir='ltr'>Mau·</span> 
     </span>
     <span class='ocr_line' id='line_1_11' title="bbox 376 1966 1542 2043; baseline -0.003 -13"><span class='ocrx_word' id='word_1_92' title='bbox 376 1972 437 2030; x_wconf 89' lang='lat' dir='ltr'>ritii</span> <span class='ocrx_word' id='word_1_93' title='bbox 451 1986 533 2031; x_wconf 89' lang='lat' dir='ltr'>sacro</span> <span class='ocrx_word' id='word_1_94' title='bbox 550 1969 586 2030; x_wconf 90' lang='lat' dir='ltr'>de</span> <span class='ocrx_word' id='word_1_95' title='bbox 600 1968 696 2029; x_wconf 86' lang='lat' dir='ltr'>verbis</span> <span class='ocrx_word' id='word_1_96' title='bbox 712 1968 818 2029; x_wconf 83' lang='lat' dir='ltr'>Christi</span> <span class='ocrx_word' id='word_1_97' title='bbox 833 1987 867 2030; x_wconf 82' lang='lat' dir='ltr'>ex</span> <span class='ocrx_word' id='word_1_98' title='bbox 882 1971 996 2030; x_wconf 83' lang='lat' dir='ltr'>loenne</span> <span class='ocrx_word' id='word_1_99' title='bbox 1014 1969 1181 2030; x_wconf 87' lang='lat' dir='ltr'>»Modicum</span> <span class='ocrx_word' id='word_1_100' title='bbox 1195 1967 1328 2029; x_wconf 80' lang='lat' dir='ltr'>uidebitis</span> <span class='ocrx_word' id='word_1_101' title='bbox 1344 1983 1399 2043; x_wconf 91' lang='lat' dir='ltr'>me,</span> <span class='ocrx_word' id='word_1_102' title='bbox 1421 1972 1450 2028; x_wconf 90' lang='lat' dir='ltr'>et</span> <span class='ocrx_word' id='word_1_103' title='bbox 1462 1966 1542 2027; x_wconf 90' lang='lat' dir='ltr'>modi·</span> 
     </span>
     <span class='ocr_line' id='line_1_12' title="bbox 377 2072 1544 2152; baseline -0.005 -14"><span class='ocrx_word' id='word_1_104' title='bbox 377 2093 441 2138; x_wconf 90' lang='lat' dir='ltr'>cum</span> <span class='ocrx_word' id='word_1_105' title='bbox 449 2093 509 2137; x_wconf 91' lang='lat' dir='ltr'>non</span> <span class='ocrx_word' id='word_1_106' title='bbox 519 2076 652 2137; x_wconf 82' lang='lat' dir='ltr'>uidebitis</span> <span class='ocrx_word' id='word_1_107' title='bbox 663 2091 739 2152; x_wconf 81' lang='lat' dir='ltr'>me«,</span> <span class='ocrx_word' id='word_1_108' title='bbox 752 2078 820 2137; x_wconf 92' lang='lat' dir='ltr'>item</span> <span class='ocrx_word' id='word_1_109' title='bbox 832 2072 910 2137; x_wconf 82' lang='lat' dir='ltr'>»Vos</span> <span class='ocrx_word' id='word_1_110' title='bbox 920 2092 978 2136; x_wconf 92' lang='lat' dir='ltr'>non</span> <span class='ocrx_word' id='word_1_111' title='bbox 987 2076 1146 2150; x_wconf 87' lang='lat' dir='ltr'>relinquam</span> <span class='ocrx_word' id='word_1_112' title='bbox 1155 2075 1320 2149; x_wconf 76' lang='lat' dir='ltr'>orphanos«</span> <span class='ocrx_word' id='word_1_113' title='bbox 1333 2080 1388 2134; x_wconf 90' lang='lat' dir='ltr'>ete.</span> <span class='ocrx_word' id='word_1_114' title='bbox 1397 2075 1464 2135; x_wconf 89' lang='lat' dir='ltr'>item</span> <span class='ocrx_word' id='word_1_115' title='bbox 1475 2074 1544 2134; x_wconf 78' lang='lat' dir='ltr'>»Vos</span> 
     </span>
     <span class='ocr_line' id='line_1_13' title="bbox 376 2177 1543 2256; baseline -0.007 -11"><span class='ocrx_word' id='word_1_116' title='bbox 376 2183 524 2256; x_wconf 78' lang='lat' dir='ltr'>videbitis,</span> <span class='ocrx_word' id='word_1_117' title='bbox 541 2182 664 2244; x_wconf 89' lang='lat' dir='ltr'>mundus</span> <span class='ocrx_word' id='word_1_118' title='bbox 684 2188 781 2242; x_wconf 89' lang='lat' dir='ltr'>autem</span> <span class='ocrx_word' id='word_1_119' title='bbox 801 2198 859 2242; x_wconf 95' lang='lat' dir='ltr'>non</span> <span class='ocrx_word' id='word_1_120' title='bbox 878 2181 1006 2243; x_wconf 82' lang='lat' dir='ltr'>ridebit«</span> <span class='ocrx_word' id='word_1_121' title='bbox 1027 2181 1188 2240; x_wconf 89' lang='lat' dir='ltr'>luculenter</span> <span class='ocrx_word' id='word_1_122' title='bbox 1207 2187 1237 2239; x_wconf 90' lang='lat' dir='ltr'>et</span> <span class='ocrx_word' id='word_1_123' title='bbox 1250 2181 1298 2255; x_wconf 89' lang='lat' dir='ltr'>pie</span> <span class='ocrx_word' id='word_1_124' title='bbox 1313 2181 1463 2254; x_wconf 86' lang='lat' dir='ltr'>disseruit,</span> <span class='ocrx_word' id='word_1_125' title='bbox 1484 2177 1543 2238; x_wconf 79' lang='lat' dir='ltr'>edo</span> 
     </span>
     <span class='ocr_line' id='line_1_14' title="bbox 376 2273 1544 2363; baseline -0.003 -15"><span class='ocrx_word' id='word_1_126' title='bbox 376 2305 459 2363; x_wconf 88' lang='lat' dir='ltr'>cens,</span> <span class='ocrx_word' id='word_1_127' title='bbox 479 2293 587 2362; x_wconf 87' lang='lat' dir='ltr'>quanto</span> <span class='ocrx_word' id='word_1_128' title='bbox 603 2303 701 2348; x_wconf 90' lang='lat' dir='ltr'>umore</span> <span class='ocrx_word' id='word_1_129' title='bbox 717 2287 847 2347; x_wconf 83' lang='lat' dir='ltr'>Christus</span> <span class='ocrx_word' id='word_1_130' title='bbox 862 2303 930 2347; x_wconf 88' lang='lat' dir='ltr'>suos</span> <span class='ocrx_word' id='word_1_131' title='bbox 944 2273 1152 2362; x_wconf 84' lang='lat' dir='ltr'>prosequatur,</span> <span class='ocrx_word' id='word_1_132' title='bbox 1168 2287 1218 2360; x_wconf 88' lang='lat' dir='ltr'>qui</span> <span class='ocrx_word' id='word_1_133' title='bbox 1233 2288 1290 2345; x_wconf 93' lang='lat' dir='ltr'>sint</span> <span class='ocrx_word' id='word_1_134' title='bbox 1304 2286 1428 2360; x_wconf 90' lang='lat' dir='ltr'>orphani</span> <span class='ocrx_word' id='word_1_135' title='bbox 1442 2299 1544 2359; x_wconf 85' lang='lat' dir='ltr'>quoque</span> 
     </span>
     <span class='ocr_line' id='line_1_15' title="bbox 377 2391 1543 2468; baseline -0.005 -13"><span class='ocrx_word' id='word_1_136' title='bbox 377 2394 511 2456; x_wconf 90' lang='lat' dir='ltr'>ostendit.</span> <span class='ocrx_word' id='word_1_137' title='bbox 534 2393 652 2453; x_wconf 84' lang='lat' dir='ltr'>Adhaee</span> <span class='ocrx_word' id='word_1_138' title='bbox 661 2409 746 2468; x_wconf 90' lang='lat' dir='ltr'>quam</span> <span class='ocrx_word' id='word_1_139' title='bbox 761 2394 851 2455; x_wconf 88' lang='lat' dir='ltr'>dulcis</span> <span class='ocrx_word' id='word_1_140' title='bbox 862 2394 901 2454; x_wconf 91' lang='lat' dir='ltr'>sit</span> <span class='ocrx_word' id='word_1_141' title='bbox 913 2393 1069 2454; x_wconf 84' lang='lat' dir='ltr'>consolatio</span> <span class='ocrx_word' id='word_1_142' title='bbox 1081 2394 1135 2466; x_wconf 88' lang='lat' dir='ltr'>piis</span> <span class='ocrx_word' id='word_1_143' title='bbox 1147 2393 1241 2454; x_wconf 86' lang='lat' dir='ltr'>animo</span> <span class='ocrx_word' id='word_1_144' title='bbox 1255 2392 1318 2452; x_wconf 84' lang='lat' dir='ltr'>haec</span> <span class='ocrx_word' id='word_1_145' title='bbox 1327 2391 1417 2452; x_wconf 87' lang='lat' dir='ltr'>verba</span> <span class='ocrx_word' id='word_1_146' title='bbox 1431 2392 1543 2464; x_wconf 86' lang='lat' dir='ltr'>volvere,</span> 
     </span>
     <span class='ocr_line' id='line_1_16' title="bbox 377 2489 1545 2574; baseline -0.003 -14"><span class='ocrx_word' id='word_1_147' title='bbox 377 2500 486 2560; x_wconf 91' lang='lat' dir='ltr'>scilicet</span> <span class='ocrx_word' id='word_1_148' title='bbox 501 2499 616 2559; x_wconf 77' lang='lat' dir='ltr'>›Alium</span> <span class='ocrx_word' id='word_1_149' title='bbox 624 2499 800 2574; x_wconf 85' lang='lat' dir='ltr'>paracletum</span> <span class='ocrx_word' id='word_1_150' title='bbox 810 2501 921 2560; x_wconf 86' lang='lat' dir='ltr'>mittem</span> <span class='ocrx_word' id='word_1_151' title='bbox 930 2499 1041 2560; x_wconf 83' lang='lat' dir='ltr'>vobis«</span> <span class='ocrx_word' id='word_1_152' title='bbox 1058 2498 1130 2558; x_wconf 85' lang='lat' dir='ltr'>Item</span> <span class='ocrx_word' id='word_1_153' title='bbox 1139 2505 1169 2558; x_wconf 91' lang='lat' dir='ltr'>et</span> <span class='ocrx_word' id='word_1_154' title='bbox 1178 2513 1275 2559; x_wconf 89' lang='lat' dir='ltr'>omnes</span> <span class='ocrx_word' id='word_1_155' title='bbox 1284 2497 1325 2573; x_wconf 89' lang='lat' dir='ltr'>pii</span> <span class='ocrx_word' id='word_1_156' title='bbox 1334 2489 1545 2557; x_wconf 88' lang='lat' dir='ltr'>consolationem</span> 
     </span>
     <span class='ocr_line' id='line_1_17' title="bbox 375 2602 1544 2687; baseline -0.003 -23"><span class='ocrx_word' id='word_1_157' title='bbox 375 2605 444 2665; x_wconf 93' lang='lat' dir='ltr'>hinc</span> <span class='ocrx_word' id='word_1_158' title='bbox 465 2620 570 2680; x_wconf 90' lang='lat' dir='ltr'>capere</span> <span class='ocrx_word' id='word_1_159' title='bbox 590 2607 716 2679; x_wconf 84' lang='lat' dir='ltr'>possint,</span> <span class='ocrx_word' id='word_1_160' title='bbox 739 2605 832 2665; x_wconf 91' lang='lat' dir='ltr'>Deum</span> <span class='ocrx_word' id='word_1_161' title='bbox 851 2606 1082 2687; x_wconf 78' lang='lat' dir='ltr'>benignissimum</span> <span class='ocrx_word' id='word_1_162' title='bbox 1103 2609 1216 2680; x_wconf 85' lang='lat' dir='ltr'>patrem</span> <span class='ocrx_word' id='word_1_163' title='bbox 1236 2621 1294 2665; x_wconf 90' lang='lat' dir='ltr'>non</span> <span class='ocrx_word' id='word_1_164' title='bbox 1308 2604 1479 2665; x_wconf 78' lang='lat' dir='ltr'>relicturum</span> <span class='ocrx_word' id='word_1_165' title='bbox 1498 2602 1544 2662; x_wconf 84' lang='lat' dir='ltr'>sibi</span> 
     </span>
     <span class='ocr_line' id='line_1_18' title="bbox 377 2709 666 2785; baseline 0 -15"><span class='ocrx_word' id='word_1_166' title='bbox 377 2709 498 2772; x_wconf 82' lang='lat' dir='ltr'>fidentes</span> <span class='ocrx_word' id='word_1_167' title='bbox 512 2711 666 2785; x_wconf 89' lang='lat' dir='ltr'>orphanos.</span> 
     </span>
    </p>
   </div>
   <div class='ocr_carea' id='block_1_2' title="bbox 258 2814 1545 3529">
    <p class='ocr_par' dir='ltr' id='par_1_3' title="bbox 258 2814 1545 3102">
     <span class='ocr_line' id='line_1_19' title="bbox 465 2814 1545 2892; baseline 0.002 -18"><span class='ocrx_word' id='word_1_168' title='bbox 465 2815 576 2876; x_wconf 81' lang='lat' dir='ltr'>Eadem</span> <span class='ocrx_word' id='word_1_169' title='bbox 591 2814 669 2891; x_wconf 85' lang='lat' dir='ltr'>apud</span> <span class='ocrx_word' id='word_1_170' title='bbox 684 2817 815 2876; x_wconf 88' lang='lat' dir='ltr'>comitam</span> <span class='ocrx_word' id='word_1_171' title='bbox 828 2815 1009 2877; x_wconf 84' lang='lat' dir='ltr'>Guilielmum</span> <span class='ocrx_word' id='word_1_172' title='bbox 1024 2818 1123 2892; x_wconf 89' lang='lat' dir='ltr'>pransi</span> <span class='ocrx_word' id='word_1_173' title='bbox 1138 2833 1243 2878; x_wconf 88' lang='lat' dir='ltr'>sumus.</span> <span class='ocrx_word' id='word_1_174' title='bbox 1282 2817 1449 2879; x_wconf 82' lang='lat' dir='ltr'>Adtuarunt</span> <span class='ocrx_word' id='word_1_175' title='bbox 1461 2831 1545 2877; x_wconf 79' lang='lat' dir='ltr'>comm</span> 
     </span>
     <span class='ocr_line' id='line_1_20' title="bbox 377 2905 1545 3000; baseline -0.002 -18"><span class='ocrx_word' id='word_1_176' title='bbox 377 2920 534 2996; x_wconf 86' lang='lat' dir='ltr'>aNassau,</span> <span class='ocrx_word' id='word_1_177' title='bbox 551 2935 645 2981; x_wconf 90' lang='lat' dir='ltr'>comes</span> <span class='ocrx_word' id='word_1_178' title='bbox 660 2921 810 2997; x_wconf 84' lang='lat' dir='ltr'>Philippus</span> <span class='ocrx_word' id='word_1_179' title='bbox 825 2923 861 2982; x_wconf 87' lang='lat' dir='ltr'>ab</span> <span class='ocrx_word' id='word_1_180' title='bbox 876 2905 1042 2998; x_wconf 82' lang='lat' dir='ltr'>Eberstein,</span> <span class='ocrx_word' id='word_1_181' title='bbox 1060 2926 1109 2996; x_wconf 89' lang='lat' dir='ltr'>qui</span> <span class='ocrx_word' id='word_1_182' title='bbox 1124 2940 1201 2985; x_wconf 88' lang='lat' dir='ltr'>anno</span> <span class='ocrx_word' id='word_1_183' title='bbox 1216 2926 1362 3000; x_wconf 89' lang='lat' dir='ltr'>superiori</span> <span class='ocrx_word' id='word_1_184' title='bbox 1377 2927 1408 2985; x_wconf 90' lang='lat' dir='ltr'>in</span> <span class='ocrx_word' id='word_1_185' title='bbox 1423 2922 1545 2986; x_wconf 85' lang='lat' dir='ltr'>sodalitio</span> 
     </span>
     <span class='ocr_line' id='line_1_21' title="bbox 258 3013 1518 3102; baseline 0.002 -14"><span class='ocrx_word' id='word_1_186' title='bbox 258 3048 260 3051; x_wconf 93' lang='lat'>·</span> <span class='ocrx_word' id='word_1_187' title='bbox 377 3027 540 3089; x_wconf 87' lang='lat' dir='ltr'>Packmobr</span> <span class='ocrx_word' id='word_1_188' title='bbox 554 3024 658 3087; x_wconf 84' lang='lat' dir='ltr'>tuerat</span> <span class='ocrx_word' id='word_1_189' title='bbox 679 3027 789 3088; x_wconf 85' lang='lat' dir='ltr'>Ductor</span> <span class='ocrx_word' id='word_1_190' title='bbox 802 3027 890 3102; x_wconf 83' lang='lat' dir='ltr'>Vaix,</span> <span class='ocrx_word' id='word_1_191' title='bbox 907 3029 1095 3089; x_wconf 89' lang='lat' dir='ltr'>cancellarius</span> <span class='ocrx_word' id='word_1_192' title='bbox 1109 3029 1245 3089; x_wconf 81' lang='lat' dir='ltr'>Mauricii</span> <span class='ocrx_word' id='word_1_193' title='bbox 1259 3013 1403 3092; x_wconf 83' lang='lat' dir='ltr'>electoris.</span> <span class='ocrx_word' id='word_1_194' title='bbox 1516 3061 1518 3070; x_wconf 42' lang='grc' dir='ltr'>ν</span> 
     </span>
    </p>

    <p class='ocr_par' dir='ltr' id='par_1_4' title="bbox 377 3131 1545 3418">
     <span class='ocr_line' id='line_1_22' title="bbox 467 3131 1543 3210; baseline 0.007 -20"><span class='ocrx_word' id='word_1_195' title='bbox 467 3131 655 3193; x_wconf 87' lang='lat' dir='ltr'>Proverbium</span> <span class='ocrx_word' id='word_1_196' title='bbox 670 3132 805 3209; x_wconf 88' lang='lat' dir='ltr'>italicum,</span> <span class='ocrx_word' id='word_1_197' title='bbox 822 3134 909 3209; x_wconf 90' lang='lat' dir='ltr'>quod,</span> <span class='ocrx_word' id='word_1_198' title='bbox 925 3134 1103 3210; x_wconf 87' lang='lat' dir='ltr'>prohdolor,</span> <span class='ocrx_word' id='word_1_199' title='bbox 1120 3141 1150 3195; x_wconf 91' lang='lat' dir='ltr'>et</span> <span class='ocrx_word' id='word_1_200' title='bbox 1161 3133 1217 3195; x_wconf 89' lang='lat' dir='ltr'>hoc</span> <span class='ocrx_word' id='word_1_201' title='bbox 1229 3151 1292 3197; x_wconf 78' lang='lat' dir='ltr'>avo</span> <span class='ocrx_word' id='word_1_202' title='bbox 1302 3134 1454 3198; x_wconf 83' lang='lat' dir='ltr'>Germanis</span> <span class='ocrx_word' id='word_1_203' title='bbox 1468 3147 1543 3210; x_wconf 80' lang='lat' dir='ltr'>pecu·</span> 
     </span>
     <span class='ocr_line' id='line_1_23' title="bbox 377 3238 1545 3316; baseline 0 -18"><span class='ocrx_word' id='word_1_204' title='bbox 377 3239 450 3299; x_wconf 89' lang='lat' dir='ltr'>liare</span> <span class='ocrx_word' id='word_1_205' title='bbox 472 3242 531 3298; x_wconf 85' lang='lat' dir='ltr'>est:</span> <span class='ocrx_word' id='word_1_206' title='bbox 561 3238 656 3299; x_wconf 89' lang='lat' dir='ltr'>Homo</span> <span class='ocrx_word' id='word_1_207' title='bbox 674 3242 787 3301; x_wconf 87' lang='lat' dir='ltr'>mortuo</span> <span class='ocrx_word' id='word_1_208' title='bbox 809 3256 847 3300; x_wconf 91' lang='lat' dir='ltr'>ne</span> <span class='ocrx_word' id='word_1_209' title='bbox 867 3239 934 3315; x_wconf 85' lang='lat' dir='ltr'>taye</span> <span class='ocrx_word' id='word_1_210' title='bbox 956 3256 1076 3316; x_wconf 77' lang='lat' dir='ltr'>guerra,</span> <span class='ocrx_word' id='word_1_211' title='bbox 1101 3241 1158 3300; x_wconf 87' lang='lat' dir='ltr'>Ein</span> <span class='ocrx_word' id='word_1_212' title='bbox 1179 3239 1264 3303; x_wconf 89' lang='lat' dir='ltr'>thodt</span> <span class='ocrx_word' id='word_1_213' title='bbox 1283 3258 1371 3303; x_wconf 89' lang='lat' dir='ltr'>mann</span> <span class='ocrx_word' id='word_1_214' title='bbox 1392 3239 1468 3303; x_wconf 88' lang='lat' dir='ltr'>fahtt</span> <span class='ocrx_word' id='word_1_215' title='bbox 1486 3239 1545 3300; x_wconf 85' lang='lat' dir='ltr'>hein</span> 
     </span>
     <span class='ocr_line' id='line_1_24' title="bbox 377 3335 1403 3418; baseline 0.002 -15"><span class='ocrx_word' id='word_1_216' title='bbox 377 3341 462 3418; x_wconf 76' lang='lat' dir='ltr'>krieg</span> <span class='ocrx_word' id='word_1_217' title='bbox 480 3359 529 3404; x_wconf 57' lang='lat' dir='ltr'>an,</span> <span class='ocrx_word' id='word_1_218' title='bbox 1400 3335 1403 3341; x_wconf 80' lang='grc'><strong>’</strong></span> 
     </span>
    </p>

    <p class='ocr_par' dir='ltr' id='par_1_5' title="bbox 465 3448 1545 3529">
     <span class='ocr_line' id='line_1_25' title="bbox 465 3448 1545 3529; baseline 0.002 -20"><span class='ocrx_word' id='word_1_219' title='bbox 465 3448 577 3509; x_wconf 83' lang='lat' dir='ltr'>Eadem</span> <span class='ocrx_word' id='word_1_220' title='bbox 591 3465 626 3511; x_wconf 92' lang='lat' dir='ltr'>eo</span> <span class='ocrx_word' id='word_1_221' title='bbox 641 3451 719 3525; x_wconf 89' lang='lat' dir='ltr'>quod</span> <span class='ocrx_word' id='word_1_222' title='bbox 733 3467 845 3511; x_wconf 89' lang='lat' dir='ltr'>annuus</span> <span class='ocrx_word' id='word_1_223' title='bbox 860 3453 921 3512; x_wconf 88' lang='lat' dir='ltr'>dies</span> <span class='ocrx_word' id='word_1_224' title='bbox 935 3458 1011 3513; x_wconf 88' lang='lat' dir='ltr'>esset</span> <span class='ocrx_word' id='word_1_225' title='bbox 1022 3455 1052 3512; x_wconf 88' lang='lat' dir='ltr'>in</span> <span class='ocrx_word' id='word_1_226' title='bbox 1067 3457 1238 3528; x_wconf 87' lang='lat' dir='ltr'>perpetuum</span> <span class='ocrx_word' id='word_1_227' title='bbox 1248 3450 1401 3514; x_wconf 81' lang='lat' dir='ltr'>Germards</span> <span class='ocrx_word' id='word_1_228' title='bbox 1416 3450 1545 3529; x_wconf 75' lang='lat' dir='ltr'>lugendus</span> 
     </span>
    </p>
   </div>
   <div class='ocr_carea' id='block_1_3' title="bbox 375 3556 1581 4898">
    <p class='ocr_par' dir='ltr' id='par_1_6' title="bbox 376 3556 1581 4462">
     <span class='ocr_line' id='line_1_26' title="bbox 379 3556 1545 3634; baseline -0.001 -18"><span class='ocrx_word' id='word_1_229' title='bbox 379 3561 409 3616; x_wconf 91' lang='lat' dir='ltr'>et</span> <span class='ocrx_word' id='word_1_230' title='bbox 423 3560 489 3615; x_wconf 90' lang='lat' dir='ltr'>atro</span> <span class='ocrx_word' id='word_1_231' title='bbox 507 3556 664 3634; x_wconf 70' lang='lat' dir='ltr'>signandus</span> <span class='ocrx_word' id='word_1_232' title='bbox 686 3557 799 3634; x_wconf 78' lang='lat' dir='ltr'>lapillo,</span> <span class='ocrx_word' id='word_1_233' title='bbox 823 3573 880 3631; x_wconf 87' lang='lat' dir='ltr'>quo</span> <span class='ocrx_word' id='word_1_234' title='bbox 900 3558 1109 3618; x_wconf 84' lang='lat' dir='ltr'>illustrissimus</span> <span class='ocrx_word' id='word_1_235' title='bbox 1122 3559 1252 3619; x_wconf 76' lang='lat' dir='ltr'>loannes</span> <span class='ocrx_word' id='word_1_236' title='bbox 1267 3559 1435 3620; x_wconf 86' lang='lat' dir='ltr'>Friderieus</span> <span class='ocrx_word' id='word_1_237' title='bbox 1449 3559 1545 3618; x_wconf 87' lang='lat' dir='ltr'>elector</span> 
     </span>
     <span class='ocr_line' id='line_1_27' title="bbox 378 3660 1544 3741; baseline 0.002 -20"><span class='ocrx_word' id='word_1_238' title='bbox 378 3661 417 3721; x_wconf 90' lang='lat' dir='ltr'>ad</span> <span class='ocrx_word' id='word_1_239' title='bbox 430 3660 541 3736; x_wconf 85' lang='lat' dir='ltr'>Albim,</span> <span class='ocrx_word' id='word_1_240' title='bbox 564 3660 634 3736; x_wconf 81' lang='lat' dir='ltr'>tuga</span> <span class='ocrx_word' id='word_1_241' title='bbox 653 3662 707 3723; x_wconf 91' lang='lat' dir='ltr'>sibi</span> <span class='ocrx_word' id='word_1_242' title='bbox 727 3663 893 3723; x_wconf 88' lang='lat' dir='ltr'>consulente</span> <span class='ocrx_word' id='word_1_243' title='bbox 912 3665 1040 3724; x_wconf 88' lang='lat' dir='ltr'>exercitu</span> <span class='ocrx_word' id='word_1_244' title='bbox 1062 3665 1124 3738; x_wconf 77' lang='lat' dir='ltr'>ejus</span> <span class='ocrx_word' id='word_1_245' title='bbox 1144 3681 1178 3724; x_wconf 88' lang='lat' dir='ltr'>ac</span> <span class='ocrx_word' id='word_1_246' title='bbox 1198 3681 1303 3740; x_wconf 78' lang='lat' dir='ltr'>magna</span> <span class='ocrx_word' id='word_1_247' title='bbox 1322 3681 1475 3741; x_wconf 87' lang='lat' dir='ltr'>procerum</span> <span class='ocrx_word' id='word_1_248' title='bbox 1490 3664 1544 3737; x_wconf 80' lang='lat' dir='ltr'>ejm</span> 
     </span>
     <span class='ocr_line' id='line_1_28' title="bbox 378 3768 1542 3846; baseline 0.001 -17"><span class='ocrx_word' id='word_1_249' title='bbox 378 3774 462 3845; x_wconf 85' lang='lat' dir='ltr'>parte</span> <span class='ocrx_word' id='word_1_250' title='bbox 476 3769 514 3828; x_wconf 86' lang='lat' dir='ltr'>ab</span> <span class='ocrx_word' id='word_1_251' title='bbox 529 3785 563 3828; x_wconf 91' lang='lat' dir='ltr'>ec</span> <span class='ocrx_word' id='word_1_252' title='bbox 578 3769 617 3829; x_wconf 87' lang='lat' dir='ltr'>ad</span> <span class='ocrx_word' id='word_1_253' title='bbox 630 3771 725 3830; x_wconf 89' lang='lat' dir='ltr'>hostes</span> <span class='ocrx_word' id='word_1_254' title='bbox 740 3768 904 3844; x_wconf 87' lang='lat' dir='ltr'>deficiente,</span> <span class='ocrx_word' id='word_1_255' title='bbox 928 3786 993 3830; x_wconf 90' lang='lat' dir='ltr'>cum</span> <span class='ocrx_word' id='word_1_256' title='bbox 1007 3770 1107 3845; x_wconf 87' lang='lat' dir='ltr'>paucis</span> <span class='ocrx_word' id='word_1_257' title='bbox 1122 3772 1175 3831; x_wconf 88' lang='lat' dir='ltr'>sibi</span> <span class='ocrx_word' id='word_1_258' title='bbox 1190 3769 1255 3830; x_wconf 86' lang='lat' dir='ltr'>fidis</span> <span class='ocrx_word' id='word_1_259' title='bbox 1270 3775 1372 3846; x_wconf 87' lang='lat' dir='ltr'>captus</span> <span class='ocrx_word' id='word_1_260' title='bbox 1388 3775 1478 3845; x_wconf 90' lang='lat' dir='ltr'>esset,</span> <span class='ocrx_word' id='word_1_261' title='bbox 1499 3784 1542 3830; x_wconf 79' lang='lat' dir='ltr'>ex·</span> 
     </span>
     <span class='ocr_line' id='line_1_29' title="bbox 378 3873 1542 3953; baseline -0.001 -20"><span class='ocrx_word' id='word_1_262' title='bbox 378 3874 521 3953; x_wconf 76' lang='lat' dir='ltr'>cubitores</span> <span class='ocrx_word' id='word_1_263' title='bbox 535 3891 571 3935; x_wconf 90' lang='lat' dir='ltr'>ac</span> <span class='ocrx_word' id='word_1_264' title='bbox 584 3875 711 3949; x_wconf 89' lang='lat' dir='ltr'>reliquus</span> <span class='ocrx_word' id='word_1_265' title='bbox 726 3875 876 3952; x_wconf 85' lang='lat' dir='ltr'>Hispaniae</span> <span class='ocrx_word' id='word_1_266' title='bbox 890 3877 1051 3952; x_wconf 76' lang='lat' dir='ltr'>peditatus,</span> <span class='ocrx_word' id='word_1_267' title='bbox 1068 3877 1169 3950; x_wconf 89' lang='lat' dir='ltr'>quibus</span> <span class='ocrx_word' id='word_1_268' title='bbox 1184 3891 1246 3936; x_wconf 89' lang='lat' dir='ltr'>mos</span> <span class='ocrx_word' id='word_1_269' title='bbox 1262 3881 1307 3936; x_wconf 91' lang='lat' dir='ltr'>est</span> <span class='ocrx_word' id='word_1_270' title='bbox 1320 3877 1485 3939; x_wconf 85' lang='lat' dir='ltr'>bombardis</span> <span class='ocrx_word' id='word_1_271' title='bbox 1498 3873 1542 3933; x_wconf 91' lang='lat' dir='ltr'>sti·</span> 
     </span>
     <span class='ocr_line' id='line_1_30' title="bbox 377 3963 1543 4057; baseline -0.001 -17"><span class='ocrx_word' id='word_1_272' title='bbox 377 3979 467 4057; x_wconf 91' lang='lat' dir='ltr'>pendi</span> <span class='ocrx_word' id='word_1_273' title='bbox 475 3980 607 4054; x_wconf 84' lang='lat' dir='ltr'>emereri,</span> <span class='ocrx_word' id='word_1_274' title='bbox 617 3986 664 4039; x_wconf 89' lang='lat' dir='ltr'>ter</span> <span class='ocrx_word' id='word_1_275' title='bbox 672 3987 741 4040; x_wconf 89' lang='lat' dir='ltr'>ante</span> <span class='ocrx_word' id='word_1_276' title='bbox 748 3963 903 4057; x_wconf 84' lang='lat' dir='ltr'>hospitium</span> <span class='ocrx_word' id='word_1_277' title='bbox 912 3981 992 4041; x_wconf 91' lang='lat' dir='ltr'>ducis</span> <span class='ocrx_word' id='word_1_278' title='bbox 1003 3982 1133 4044; x_wconf 88' lang='lat' dir='ltr'>electoris</span> <span class='ocrx_word' id='word_1_279' title='bbox 1147 3984 1178 4042; x_wconf 91' lang='lat' dir='ltr'>in</span> <span class='ocrx_word' id='word_1_280' title='bbox 1186 3983 1300 4043; x_wconf 90' lang='lat' dir='ltr'>modum</span> <span class='ocrx_word' id='word_1_281' title='bbox 1310 3984 1411 4044; x_wconf 89' lang='lat' dir='ltr'>circuli</span> <span class='ocrx_word' id='word_1_282' title='bbox 1419 3983 1543 4044; x_wconf 85' lang='lat' dir='ltr'>coeuntes</span> 
     </span>
     <span class='ocr_line' id='line_1_31' title="bbox 377 4070 1542 4164; baseline -0.002 -18"><span class='ocrx_word' id='word_1_283' title='bbox 377 4085 475 4146; x_wconf 89' lang='lat' dir='ltr'>sonitu</span> <span class='ocrx_word' id='word_1_284' title='bbox 497 4070 621 4145; x_wconf 86' lang='lat' dir='ltr'>terribili</span> <span class='ocrx_word' id='word_1_285' title='bbox 644 4086 747 4146; x_wconf 90' lang='lat' dir='ltr'>ccelum</span> <span class='ocrx_word' id='word_1_286' title='bbox 777 4103 867 4160; x_wconf 87' lang='lat' dir='ltr'>usque</span> <span class='ocrx_word' id='word_1_287' title='bbox 886 4086 1011 4162; x_wconf 87' lang='lat' dir='ltr'>pedante</span> <span class='ocrx_word' id='word_1_288' title='bbox 1031 4089 1168 4163; x_wconf 89' lang='lat' dir='ltr'>sulphure</span> <span class='ocrx_word' id='word_1_289' title='bbox 1188 4094 1217 4149; x_wconf 91' lang='lat' dir='ltr'>et</span> <span class='ocrx_word' id='word_1_290' title='bbox 1240 4089 1358 4164; x_wconf 87' lang='lat' dir='ltr'>pulvere</span> <span class='ocrx_word' id='word_1_291' title='bbox 1377 4085 1542 4149; x_wconf 76' lang='lat' dir='ltr'>armentario</span> 
     </span>
     <span class='ocr_line' id='line_1_32' title="bbox 377 4182 1543 4266; baseline 0 -16"><span class='ocrx_word' id='word_1_292' title='bbox 377 4207 438 4266; x_wconf 84' lang='lat' dir='ltr'>prae</span> <span class='ocrx_word' id='word_1_293' title='bbox 457 4191 560 4250; x_wconf 84' lang='lat' dir='ltr'>laetitia</span> <span class='ocrx_word' id='word_1_294' title='bbox 579 4191 734 4265; x_wconf 79' lang='lat' dir='ltr'>gestientes</span> <span class='ocrx_word' id='word_1_295' title='bbox 756 4197 786 4250; x_wconf 92' lang='lat' dir='ltr'>et</span> <span class='ocrx_word' id='word_1_296' title='bbox 806 4198 927 4252; x_wconf 87' lang='lat' dir='ltr'>ovantes</span> <span class='ocrx_word' id='word_1_297' title='bbox 949 4209 1012 4254; x_wconf 90' lang='lat' dir='ltr'>eam</span> <span class='ocrx_word' id='word_1_298' title='bbox 1035 4195 1161 4257; x_wconf 83' lang='lat' dir='ltr'>victmiae</span> <span class='ocrx_word' id='word_1_299' title='bbox 1188 4211 1248 4256; x_wconf 86' lang='lat' dir='ltr'>sura</span> <span class='ocrx_word' id='word_1_300' title='bbox 1271 4211 1335 4256; x_wconf 89' lang='lat' dir='ltr'>esse</span> <span class='ocrx_word' id='word_1_301' title='bbox 1356 4182 1434 4256; x_wconf 86' lang='lat' dir='ltr'>diem</span> <span class='ocrx_word' id='word_1_302' title='bbox 1453 4189 1543 4254; x_wconf 87' lang='lat' dir='ltr'>testati</span> 
     </span>
     <span class='ocr_line' id='line_1_33' title="bbox 377 4296 1581 4376; baseline 0 -19"><span class='ocrx_word' id='word_1_303' title='bbox 377 4301 452 4357; x_wconf 89' lang='lat' dir='ltr'>suut.</span> <span class='ocrx_word' id='word_1_304' title='bbox 491 4296 676 4357; x_wconf 82' lang='lat' dir='ltr'>Fortissimus</span> <span class='ocrx_word' id='word_1_305' title='bbox 703 4301 800 4356; x_wconf 88' lang='lat' dir='ltr'>autem</span> <span class='ocrx_word' id='word_1_306' title='bbox 820 4298 879 4358; x_wconf 86' lang='lat' dir='ltr'>dux</span> <span class='ocrx_word' id='word_1_307' title='bbox 900 4313 916 4357; x_wconf 91' lang='lat' dir='ltr'>e</span> <span class='ocrx_word' id='word_1_308' title='bbox 936 4297 1065 4360; x_wconf 86' lang='lat' dir='ltr'>fenestre</span> <span class='ocrx_word' id='word_1_309' title='bbox 1083 4302 1261 4376; x_wconf 88' lang='lat' dir='ltr'>prospiciens</span> <span class='ocrx_word' id='word_1_310' title='bbox 1279 4300 1453 4361; x_wconf 89' lang='lat' dir='ltr'>nebulonum</span> <span class='ocrx_word' id='word_1_311' title='bbox 1472 4300 1541 4358; x_wconf 87' lang='lat' dir='ltr'>insa·</span> <span class='ocrx_word' id='word_1_312' title='bbox 1579 4319 1581 4324; x_wconf 95' lang='lat'>·</span> 
     </span>
     <span class='ocr_line' id='line_1_34' title="bbox 376 4403 541 4462; baseline 0 0"><span class='ocrx_word' id='word_1_313' title='bbox 376 4403 453 4462; x_wconf 83' lang='lat' dir='ltr'>nium</span> <span class='ocrx_word' id='word_1_314' title='bbox 467 4403 541 4462; x_wconf 88' lang='lat' dir='ltr'>risit.</span> 
     </span>
    </p>

    <p class='ocr_par' dir='ltr' id='par_1_7' title="bbox 375 4508 1543 4898">
     <span class='ocr_line' id='line_1_35' title="bbox 464 4508 1542 4588; baseline 0.004 -22"><span class='ocrx_word' id='word_1_315' title='bbox 464 4508 546 4583; x_wconf 91' lang='lat' dir='ltr'>Papa</span> <span class='ocrx_word' id='word_1_316' title='bbox 560 4509 694 4571; x_wconf 75' lang='lat' dir='ltr'>Parmam</span> <span class='ocrx_word' id='word_1_317' title='bbox 715 4510 744 4570; x_wconf 85' lang='lat' dir='ltr'>et</span> <span class='ocrx_word' id='word_1_318' title='bbox 758 4508 936 4588; x_wconf 84' lang='lat' dir='ltr'>Placentiam</span> <span class='ocrx_word' id='word_1_319' title='bbox 956 4509 1056 4586; x_wconf 91' lang='lat' dir='ltr'>urbes,</span> <span class='ocrx_word' id='word_1_320' title='bbox 1081 4511 1118 4572; x_wconf 87' lang='lat' dir='ltr'>nb</span> <span class='ocrx_word' id='word_1_321' title='bbox 1134 4529 1205 4586; x_wconf 86' lang='lat' dir='ltr'>quus</span> <span class='ocrx_word' id='word_1_322' title='bbox 1226 4513 1333 4574; x_wconf 90' lang='lat' dir='ltr'>bellum</span> <span class='ocrx_word' id='word_1_323' title='bbox 1352 4515 1427 4574; x_wconf 88' lang='lat' dir='ltr'>inter</span> <span class='ocrx_word' id='word_1_324' title='bbox 1446 4523 1542 4586; x_wconf 89' lang='lat' dir='ltr'>papam</span> 
     </span>
     <span class='ocr_line' id='line_1_36' title="bbox 377 4612 1543 4704; baseline 0.003 -32"><span class='ocrx_word' id='word_1_325' title='bbox 377 4619 407 4673; x_wconf 91' lang='lat' dir='ltr'>et</span> <span class='ocrx_word' id='word_1_326' title='bbox 422 4612 565 4672; x_wconf 86' lang='lat' dir='ltr'>Caesarem</span> <span class='ocrx_word' id='word_1_327' title='bbox 580 4615 687 4674; x_wconf 85' lang='lat' dir='ltr'>exoriri</span> <span class='ocrx_word' id='word_1_328' title='bbox 701 4615 869 4690; x_wconf 80' lang='lat' dir='ltr'>timebatur,</span> <span class='ocrx_word' id='word_1_329' title='bbox 890 4616 927 4676; x_wconf 88' lang='lat' dir='ltr'>ad</span> <span class='ocrx_word' id='word_1_330' title='bbox 943 4633 1044 4677; x_wconf 85' lang='lat' dir='ltr'>manus</span> <span class='ocrx_word' id='word_1_331' title='bbox 1061 4616 1355 4704; x_wconf 79' lang='lat' dir='ltr'>Caesarisnesignavit</span> <span class='ocrx_word' id='word_1_332' title='bbox 1368 4635 1403 4679; x_wconf 88' lang='lat' dir='ltr'>es</span> <span class='ocrx_word' id='word_1_333' title='bbox 1416 4620 1492 4693; x_wconf 80' lang='lat' dir='ltr'>lege,</span> <span class='ocrx_word' id='word_1_334' title='bbox 1514 4620 1543 4674; x_wconf 92' lang='lat' dir='ltr'>ut</span> 
     </span>
     <span class='ocr_line' id='line_1_37' title="bbox 376 4716 1541 4798; baseline 0.003 -22"><span class='ocrx_word' id='word_1_335' title='bbox 376 4716 429 4776; x_wconf 89' lang='lat' dir='ltr'>tilii</span> <span class='ocrx_word' id='word_1_336' title='bbox 450 4734 534 4793; x_wconf 83' lang='lat' dir='ltr'>papae</span> <span class='ocrx_word' id='word_1_337' title='bbox 555 4718 656 4777; x_wconf 88' lang='lat' dir='ltr'>barum</span> <span class='ocrx_word' id='word_1_338' title='bbox 678 4721 826 4780; x_wconf 86' lang='lat' dir='ltr'>civitatum</span> <span class='ocrx_word' id='word_1_339' title='bbox 852 4721 1060 4796; x_wconf 72' lang='lat' dir='ltr'>gubernatores</span> <span class='ocrx_word' id='word_1_340' title='bbox 1081 4729 1291 4798; x_wconf 85' lang='lat' dir='ltr'>permanerent.</span> <span class='ocrx_word' id='word_1_341' title='bbox 1338 4725 1383 4786; x_wconf 85' lang='lat' dir='ltr'>Sic</span> <span class='ocrx_word' id='word_1_342' title='bbox 1405 4720 1541 4784; x_wconf 80' lang='lat' dir='ltr'>Cretensis</span> 
     </span>
     <span class='ocr_line' id='line_1_38' title="bbox 375 4821 1110 4898; baseline 0.011 -16"><span class='ocrx_word' id='word_1_343' title='bbox 375 4821 529 4898; x_wconf 72' lang='lat' dir='ltr'>deponite</span> <span class='ocrx_word' id='word_1_344' title='bbox 544 4826 710 4888; x_wconf 88' lang='lat' dir='ltr'>commissus</span> <span class='ocrx_word' id='word_1_345' title='bbox 722 4829 803 4897; x_wconf 80' lang='lat' dir='ltr'>norit</span> <span class='ocrx_word' id='word_1_346' title='bbox 816 4828 992 4890; x_wconf 87' lang='lat' dir='ltr'>comminisci</span> <span class='ocrx_word' id='word_1_347' title='bbox 1005 4829 1110 4892; x_wconf 91' lang='lat' dir='ltr'>dolum.</span> 
     </span>
    </p>
   </div>
   <div class='ocr_carea' id='block_1_4' title="bbox 0 0 1854 5692">
    <p class='ocr_par' dir='ltr' id='par_1_8' title="bbox 0 0 1854 5692">
     <span class='ocr_line' id='line_1_39' title="bbox 0 0 1854 5692; baseline 0 0"><span class='ocrx_word' id='word_1_348' title='bbox 0 0 1854 5692; x_wconf 95' lang='lat' dir='ltr'> </span> 
     </span>
    </p>
   </div>
  </div>
 </body>
</html>
