<?xml version="1.0" encoding="UTF-8"?>
<!DOCTYPE html PUBLIC "-//W3C//DTD XHTML 1.0 Transitional//EN"
    "http://www.w3.org/TR/xhtml1/DTD/xhtml1-transitional.dtd">
<html xmlns="http://www.w3.org/1999/xhtml" xml:lang="en" lang="en">
 <head>
  <title>
</title>
<meta http-equiv="Content-Type" content="text/html;charset=utf-8" />
  <meta name='ocr-system' content='tesseract 3.04.00' />
  <meta name='ocr-capabilities' content='ocr_page ocr_carea ocr_par ocr_line ocrx_word'/>
</head>
<body>
  <div class='ocr_page' id='page_1' title='image "./scherzgedichte01laurgoog_0439.png"; bbox 0 0 3700 5692; ppageno 0'>
   <div class='ocr_carea' id='block_1_1' title="bbox 971 736 1015 799">
    <p class='ocr_par' dir='ltr' id='par_1_1' title="bbox 971 736 1015 799">
     <span class='ocr_line' id='line_1_1' title="bbox 971 736 1015 799; baseline 0.023 -1"><span class='ocrx_word' id='word_1_1' title='bbox 971 736 1015 799; x_wconf 87' lang='grc'>96</span> 
     </span>
    </p>
   </div>
   <div class='ocr_carea' id='block_1_2' title="bbox 382 907 1642 4891">
    <p class='ocr_par' dir='ltr' id='par_1_2' title="bbox 407 907 1563 1103">
     <span class='ocr_line' id='line_1_2' title="bbox 407 907 1563 996; baseline -0.012 -15"><span class='ocrx_word' id='word_1_2' title='bbox 407 929 464 996; x_wconf 86' lang='lat' dir='ltr'>tur,</span> <span class='ocrx_word' id='word_1_3' title='bbox 487 927 520 980; x_wconf 89' lang='grc' dir='ltr'>ιι</span> <span class='ocrx_word' id='word_1_4' title='bbox 534 938 592 980; x_wconf 85' lang='grc'>000</span> <span class='ocrx_word' id='word_1_5' title='bbox 607 922 699 979; x_wconf 86' lang='lat' dir='ltr'>solnm</span> <span class='ocrx_word' id='word_1_6' title='bbox 713 922 806 993; x_wconf 86' lang='lat' dir='ltr'>ipsum</span> <span class='ocrx_word' id='word_1_7' title='bbox 827 914 992 988; x_wconf 81' lang='lat' dir='ltr'>excusatum</span> <span class='ocrx_word' id='word_1_8' title='bbox 1011 915 1128 989; x_wconf 87' lang='lat' dir='ltr'>habere,</span> <span class='ocrx_word' id='word_1_9' title='bbox 1152 913 1205 974; x_wconf 87' lang='lat' dir='ltr'>sed</span> <span class='ocrx_word' id='word_1_10' title='bbox 1223 914 1356 973; x_wconf 75' lang='lat' dir='ltr'>amicitia</span> <span class='ocrx_word' id='word_1_11' title='bbox 1376 926 1490 987; x_wconf 75' lang='lat' dir='ltr'>quaeque</span> <span class='ocrx_word' id='word_1_12' title='bbox 1508 907 1563 969; x_wconf 90' lang='grc'><strong>011-</strong></span> 
     </span>
     <span class='ocr_line' id='line_1_3' title="bbox 408 1014 1563 1103; baseline -0.013 -15"><span class='ocrx_word' id='word_1_13' title='bbox 408 1030 452 1087; x_wconf 89' lang='grc'>010</span> <span class='ocrx_word' id='word_1_14' title='bbox 467 1031 606 1103; x_wconf 79' lang='lat' dir='ltr'>praestare</span> <span class='ocrx_word' id='word_1_15' title='bbox 619 1026 662 1085; x_wconf 90' lang='lat' dir='ltr'>illi</span> <span class='ocrx_word' id='word_1_16' title='bbox 675 1026 770 1084; x_wconf 86' lang='lat' dir='ltr'>vellet.</span> <span class='ocrx_word' id='word_1_17' title='bbox 802 1023 860 1083; x_wconf 90' lang='lat' dir='ltr'>Sed</span> <span class='ocrx_word' id='word_1_18' title='bbox 874 1025 938 1097; x_wconf 84' lang='lat' dir='ltr'>quis</span> <span class='ocrx_word' id='word_1_19' title='bbox 954 1023 1086 1095; x_wconf 88' lang='lat' dir='ltr'>credidit,</span> <span class='ocrx_word' id='word_1_20' title='bbox 1102 1023 1145 1081; x_wconf 89' lang='lat' dir='ltr'>alt</span> <span class='ocrx_word' id='word_1_21' title='bbox 1159 1022 1311 1097; x_wconf 86' lang='lat' dir='ltr'>propheta,</span> <span class='ocrx_word' id='word_1_22' title='bbox 1331 1020 1443 1080; x_wconf 87' lang='grc'><strong>0001101</strong></span> <span class='ocrx_word' id='word_1_23' title='bbox 1455 1014 1563 1077; x_wconf 72' lang='lat' dir='ltr'>nosue?</span> 
     </span>
    </p>

    <p class='ocr_par' dir='ltr' id='par_1_3' title="bbox 407 1121 1565 1297">
     <span class='ocr_line' id='line_1_4' title="bbox 495 1121 1565 1205; baseline -0.012 -13"><span class='ocrx_word' id='word_1_24' title='bbox 495 1132 606 1192; x_wconf 87' lang='lat' dir='ltr'>Eadem</span> <span class='ocrx_word' id='word_1_25' title='bbox 620 1130 794 1205; x_wconf 81' lang='lat' dir='ltr'>gradarium,</span> <span class='ocrx_word' id='word_1_26' title='bbox 816 1131 903 1204; x_wconf 78' lang='lat' dir='ltr'>&#39;quem</span> <span class='ocrx_word' id='word_1_27' title='bbox 917 1145 936 1188; x_wconf 92' lang='lat' dir='ltr'>a</span> <span class='ocrx_word' id='word_1_28' title='bbox 950 1126 1145 1187; x_wconf 87' lang='lat' dir='ltr'>Viermunden</span> <span class='ocrx_word' id='word_1_29' title='bbox 1165 1142 1299 1200; x_wconf 87' lang='lat' dir='ltr'>emeram,</span> <span class='ocrx_word' id='word_1_30' title='bbox 1321 1142 1375 1199; x_wconf 90' lang='lat' dir='ltr'>pro</span> <span class='ocrx_word' id='word_1_31' title='bbox 1399 1127 1437 1183; x_wconf 81' lang='lat'>12</span> <span class='ocrx_word' id='word_1_32' title='bbox 1457 1121 1565 1181; x_wconf 84' lang='lat' dir='ltr'>thaleris</span> 
     </span>
     <span class='ocr_line' id='line_1_5' title="bbox 407 1236 533 1297; baseline -0.008 0"><span class='ocrx_word' id='word_1_33' title='bbox 407 1236 533 1297; x_wconf 82' lang='lat' dir='ltr'>vendidi</span> 
     </span>
    </p>

    <p class='ocr_par' dir='ltr' id='par_1_4' title="bbox 382 1335 1642 4460">
     <span class='ocr_line' id='line_1_6' title="bbox 496 1335 1566 1417; baseline -0.009 -18"><span class='ocrx_word' id='word_1_34' title='bbox 496 1342 554 1416; x_wconf 81' lang='lat' dir='ltr'>xvij</span> <span class='ocrx_word' id='word_1_35' title='bbox 569 1342 642 1413; x_wconf 86' lang='lat' dir='ltr'>Maji</span> <span class='ocrx_word' id='word_1_36' title='bbox 658 1341 827 1401; x_wconf 89' lang='lat' dir='ltr'>Leonardus</span> <span class='ocrx_word' id='word_1_37' title='bbox 842 1342 994 1417; x_wconf 90' lang='lat' dir='ltr'>intemplo</span> <span class='ocrx_word' id='word_1_38' title='bbox 1014 1341 1160 1401; x_wconf 83' lang='lat' dir='ltr'>Minorem</span> <span class='ocrx_word' id='word_1_39' title='bbox 1179 1337 1286 1413; x_wconf 91' lang='lat' dir='ltr'>populo</span> <span class='ocrx_word' id='word_1_40' title='bbox 1305 1335 1510 1397; x_wconf 81' lang='lat' dir='ltr'>confessionem</span> <span class='ocrx_word' id='word_1_41' title='bbox 1521 1348 1566 1406; x_wconf 87' lang='lat' dir='ltr'>pu·</span> 
     </span>
     <span class='ocr_line' id='line_1_7' title="bbox 407 1436 1566 1521; baseline -0.011 -14"><span class='ocrx_word' id='word_1_42' title='bbox 407 1448 509 1507; x_wconf 84' lang='lat' dir='ltr'><strong>blicam</strong></span> <span class='ocrx_word' id='word_1_43' title='bbox 524 1448 617 1521; x_wconf 88' lang='lat' dir='ltr'>primo</span> <span class='ocrx_word' id='word_1_44' title='bbox 632 1447 772 1521; x_wconf 81' lang='lat' dir='ltr'>praelegit,</span> <span class='ocrx_word' id='word_1_45' title='bbox 789 1453 819 1506; x_wconf 93' lang='lat' dir='ltr'>ct</span> <span class='ocrx_word' id='word_1_46' title='bbox 832 1446 936 1507; x_wconf 87' lang='lat' dir='ltr'>deinde</span> <span class='ocrx_word' id='word_1_47' title='bbox 954 1447 1015 1505; x_wconf 83' lang='lat' dir='ltr'>haec</span> <span class='ocrx_word' id='word_1_48' title='bbox 1034 1446 1123 1505; x_wconf 84' lang='lat' dir='ltr'>verba</span> <span class='ocrx_word' id='word_1_49' title='bbox 1142 1460 1178 1503; x_wconf 84' lang='lat' dir='ltr'>ex</span> <span class='ocrx_word' id='word_1_50' title='bbox 1192 1460 1255 1517; x_wconf 88' lang='lat' dir='ltr'>cap.</span> <span class='ocrx_word' id='word_1_51' title='bbox 1271 1442 1410 1501; x_wconf 83' lang='lat' dir='ltr'>Actorum</span> <span class='ocrx_word' id='word_1_52' title='bbox 1428 1444 1455 1499; x_wconf 91' lang='grc'><strong>1.</strong></span> <span class='ocrx_word' id='word_1_53' title='bbox 1473 1436 1566 1496; x_wconf 79' lang='lat' dir='ltr'>«Cum-</span> 
     </span>
     <span class='ocr_line' id='line_1_8' title="bbox 408 1545 1568 1639; baseline -0.009 -28"><span class='ocrx_word' id='word_1_54' title='bbox 408 1569 464 1639; x_wconf 87' lang='lat' dir='ltr'>que</span> <span class='ocrx_word' id='word_1_55' title='bbox 480 1557 576 1612; x_wconf 86' lang='lat' dir='ltr'>essent</span> <span class='ocrx_word' id='word_1_56' title='bbox 589 1550 691 1611; x_wconf 83' lang='lat' dir='ltr'>defixis</span> <span class='ocrx_word' id='word_1_57' title='bbox 706 1553 736 1610; x_wconf 92' lang='lat' dir='ltr'>in</span> <span class='ocrx_word' id='word_1_58' title='bbox 755 1553 859 1612; x_wconf 90' lang='lat' dir='ltr'>coelum</span> <span class='ocrx_word' id='word_1_59' title='bbox 879 1552 978 1625; x_wconf 89' lang='lat' dir='ltr'>oculis,</span> <span class='ocrx_word' id='word_1_60' title='bbox 1002 1554 1087 1610; x_wconf 87' lang='grc'><strong>00010</strong></span> <span class='ocrx_word' id='word_1_61' title='bbox 1106 1550 1165 1623; x_wconf 89' lang='grc'><strong>1110,</strong></span> <span class='ocrx_word' id='word_1_62' title='bbox 1189 1564 1255 1607; x_wconf 90' lang='lat' dir='ltr'>ecee</span> <span class='ocrx_word' id='word_1_63' title='bbox 1273 1548 1329 1607; x_wconf 85' lang='lat' dir='ltr'>viri</span> <span class='ocrx_word' id='word_1_64' title='bbox 1349 1547 1407 1607; x_wconf 94' lang='lat' dir='ltr'>duo</span> <span class='ocrx_word' id='word_1_65' title='bbox 1427 1545 1568 1604; x_wconf 86' lang='lat' dir='ltr'>astiterunt</span> 
     </span>
     <span class='ocr_line' id='line_1_9' title="bbox 408 1646 1568 1733; baseline -0.011 -16"><span class='ocrx_word' id='word_1_66' title='bbox 408 1660 477 1731; x_wconf 90' lang='lat' dir='ltr'>illis,</span> <span class='ocrx_word' id='word_1_67' title='bbox 501 1659 597 1717; x_wconf 86' lang='lat' dir='ltr'>amicti</span> <span class='ocrx_word' id='word_1_68' title='bbox 619 1657 745 1716; x_wconf 85' lang='lat' dir='ltr'>vestibus</span> <span class='ocrx_word' id='word_1_69' title='bbox 765 1657 853 1731; x_wconf 85' lang='lat' dir='ltr'>albis,</span> <span class='ocrx_word' id='word_1_70' title='bbox 878 1659 977 1733; x_wconf 87' lang='lat' dir='ltr'>quiet</span> <span class='ocrx_word' id='word_1_71' title='bbox 996 1657 1141 1715; x_wconf 84' lang='lat' dir='ltr'>dixerunt:</span> <span class='ocrx_word' id='word_1_72' title='bbox 1171 1653 1234 1712; x_wconf 87' lang='lat' dir='ltr'>Viri</span> <span class='ocrx_word' id='word_1_73' title='bbox 1254 1651 1383 1726; x_wconf 79' lang='lat' dir='ltr'>Guliloei,</span> <span class='ocrx_word' id='word_1_74' title='bbox 1407 1648 1476 1723; x_wconf 87' lang='lat' dir='ltr'>qnid</span> <span class='ocrx_word' id='word_1_75' title='bbox 1496 1646 1568 1707; x_wconf 88' lang='lat' dir='ltr'>statis</span> 
     </span>
     <span class='ocr_line' id='line_1_10' title="bbox 408 1754 1567 1835; baseline -0.009 -14"><span class='ocrx_word' id='word_1_76' title='bbox 408 1763 552 1822; x_wconf 87' lang='lat' dir='ltr'>intuentes</span> <span class='ocrx_word' id='word_1_77' title='bbox 572 1764 603 1820; x_wconf 89' lang='lat' dir='ltr'>in</span> <span class='ocrx_word' id='word_1_78' title='bbox 623 1760 747 1821; x_wconf 86' lang='lat' dir='ltr'>coelum?</span> <span class='ocrx_word' id='word_1_79' title='bbox 784 1762 840 1820; x_wconf 88' lang='lat' dir='ltr'>Hic</span> <span class='ocrx_word' id='word_1_80' title='bbox 859 1764 947 1823; x_wconf 86' lang='lat' dir='ltr'>Jesus</span> <span class='ocrx_word' id='word_1_81' title='bbox 968 1763 1018 1835; x_wconf 87' lang='lat' dir='ltr'>qni</span> <span class='ocrx_word' id='word_1_82' title='bbox 1037 1764 1200 1833; x_wconf 88' lang='lat' dir='ltr'>assumptus</span> <span class='ocrx_word' id='word_1_83' title='bbox 1220 1763 1264 1817; x_wconf 89' lang='lat' dir='ltr'>cst</span> <span class='ocrx_word' id='word_1_84' title='bbox 1283 1774 1302 1816; x_wconf 89' lang='lat' dir='ltr'>a</span> <span class='ocrx_word' id='word_1_85' title='bbox 1321 1756 1403 1816; x_wconf 79' lang='lat' dir='ltr'>vohis</span> <span class='ocrx_word' id='word_1_86' title='bbox 1422 1755 1453 1813; x_wconf 91' lang='lat' dir='ltr'>iu</span> <span class='ocrx_word' id='word_1_87' title='bbox 1467 1754 1567 1824; x_wconf 70' lang='lat' dir='ltr'>osclum,</span> 
     </span>
     <span class='ocr_line' id='line_1_11' title="bbox 408 1842 1569 1943; baseline -0.009 -18"><span class='ocrx_word' id='word_1_88' title='bbox 408 1869 451 1926; x_wconf 90' lang='lat' dir='ltr'>sic</span> <span class='ocrx_word' id='word_1_89' title='bbox 465 1869 569 1943; x_wconf 88' lang='lat' dir='ltr'>veniet,</span> <span class='ocrx_word' id='word_1_90' title='bbox 583 1867 738 1941; x_wconf 85' lang='lat' dir='ltr'>etquidem</span> <span class='ocrx_word' id='word_1_91' title='bbox 753 1869 864 1927; x_wconf 85' lang='lat' dir='ltr'>vidistis</span> <span class='ocrx_word' id='word_1_92' title='bbox 879 1884 945 1927; x_wconf 92' lang='lat' dir='ltr'>eum</span> <span class='ocrx_word' id='word_1_93' title='bbox 959 1842 1120 1927; x_wconf 88' lang='grc' dir='ltr'><strong>0001οι010</strong></span> <span class='ocrx_word' id='word_1_94' title='bbox 1135 1863 1260 1923; x_wconf 73' lang='lat' dir='ltr'>ciclum«</span> <span class='ocrx_word' id='word_1_95' title='bbox 1275 1866 1342 1936; x_wconf 83' lang='grc'><strong>010,</strong></span> <span class='ocrx_word' id='word_1_96' title='bbox 1357 1859 1497 1919; x_wconf 89' lang='lat' dir='ltr'>recitavit.</span> <span class='ocrx_word' id='word_1_97' title='bbox 1524 1856 1569 1915; x_wconf 88' lang='lat' dir='ltr'>llis</span> 
     </span>
     <span class='ocr_line' id='line_1_12' title="bbox 408 1963 1569 2047; baseline -0.009 -15"><span class='ocrx_word' id='word_1_98' title='bbox 408 1974 489 2033; x_wconf 86' lang='lat' dir='ltr'>lectis</span> <span class='ocrx_word' id='word_1_99' title='bbox 512 1975 567 2033; x_wconf 87' lang='lat' dir='ltr'>ait:</span> <span class='ocrx_word' id='word_1_100' title='bbox 592 1974 689 2047; x_wconf 87' lang='lat' dir='ltr'>Scitis,</span> <span class='ocrx_word' id='word_1_101' title='bbox 717 1974 785 2046; x_wconf 88' lang='lat' dir='ltr'>quid</span> <span class='ocrx_word' id='word_1_102' title='bbox 808 1973 838 2031; x_wconf 92' lang='lat' dir='ltr'>in</span> <span class='ocrx_word' id='word_1_103' title='bbox 865 1973 1050 2033; x_wconf 75' lang='lat' dir='ltr'><strong>enarratione</strong></span> <span class='ocrx_word' id='word_1_104' title='bbox 1076 1971 1205 2031; x_wconf 78' lang='lat' dir='ltr'>historie</span> <span class='ocrx_word' id='word_1_105' title='bbox 1232 1966 1410 2043; x_wconf 75' lang='lat' dir='ltr'>ascensionis</span> <span class='ocrx_word' id='word_1_106' title='bbox 1433 1963 1569 2025; x_wconf 79' lang='lat' dir='ltr'>dominice</span> 
     </span>
     <span class='ocr_line' id='line_1_13' title="bbox 409 2068 1569 2151; baseline -0.011 -13"><span class='ocrx_word' id='word_1_107' title='bbox 409 2080 472 2139; x_wconf 89' lang='lat' dir='ltr'>heri</span> <span class='ocrx_word' id='word_1_108' title='bbox 494 2079 587 2138; x_wconf 87' lang='lat' dir='ltr'>adhuc</span> <span class='ocrx_word' id='word_1_109' title='bbox 611 2080 649 2139; x_wconf 90' lang='lat' dir='ltr'>ad</span> <span class='ocrx_word' id='word_1_110' title='bbox 670 2079 821 2139; x_wconf 88' lang='lat' dir='ltr'>dicendum</span> <span class='ocrx_word' id='word_1_111' title='bbox 841 2079 983 2151; x_wconf 88' lang='lat' dir='ltr'>reliquum</span> <span class='ocrx_word' id='word_1_112' title='bbox 1003 2077 1104 2151; x_wconf 83' lang='lat' dir='ltr'>tuerit,</span> <span class='ocrx_word' id='word_1_113' title='bbox 1127 2076 1262 2135; x_wconf 92' lang='lat' dir='ltr'>nimirum</span> <span class='ocrx_word' id='word_1_114' title='bbox 1282 2072 1318 2132; x_wconf 88' lang='lat' dir='ltr'>dc</span> <span class='ocrx_word' id='word_1_115' title='bbox 1338 2072 1410 2147; x_wconf 91' lang='lat' dir='ltr'>hoc,</span> <span class='ocrx_word' id='word_1_116' title='bbox 1434 2070 1510 2145; x_wconf 83' lang='lat' dir='ltr'>quod</span> <span class='ocrx_word' id='word_1_117' title='bbox 1527 2068 1569 2129; x_wconf 92' lang='lat' dir='ltr'>do·</span> 
     </span>
     <span class='ocr_line' id='line_1_14' title="bbox 409 2174 1570 2254; baseline -0.01 -11"><span class='ocrx_word' id='word_1_118' title='bbox 409 2186 501 2244; x_wconf 88' lang='lat' dir='ltr'>minus</span> <span class='ocrx_word' id='word_1_119' title='bbox 516 2190 615 2244; x_wconf 83' lang='lat' dir='ltr'>noster</span> <span class='ocrx_word' id='word_1_120' title='bbox 627 2186 714 2244; x_wconf 81' lang='lat' dir='ltr'>lesus</span> <span class='ocrx_word' id='word_1_121' title='bbox 729 2182 858 2242; x_wconf 81' lang='lat' dir='ltr'>Christus</span> <span class='ocrx_word' id='word_1_122' title='bbox 874 2184 974 2244; x_wconf 79' lang='lat' dir='ltr'><strong>sedeat</strong></span> <span class='ocrx_word' id='word_1_123' title='bbox 988 2184 1027 2243; x_wconf 92' lang='lat' dir='ltr'>ad</span> <span class='ocrx_word' id='word_1_124' title='bbox 1042 2183 1190 2243; x_wconf 85' lang='lat' dir='ltr'>dexteram</span> <span class='ocrx_word' id='word_1_125' title='bbox 1203 2182 1260 2241; x_wconf 89' lang='lat' dir='ltr'>Dei</span> <span class='ocrx_word' id='word_1_126' title='bbox 1274 2179 1376 2254; x_wconf 89' lang='lat' dir='ltr'>patris.</span> <span class='ocrx_word' id='word_1_127' title='bbox 1414 2174 1512 2249; x_wconf 80' lang='lat' dir='ltr'>Sedet,</span> <span class='ocrx_word' id='word_1_128' title='bbox 1533 2174 1570 2230; x_wconf 90' lang='lat' dir='ltr'>in·</span> 
     </span>
     <span class='ocr_line' id='line_1_15' title="bbox 410 2282 1571 2365; baseline -0.01 -16"><span class='ocrx_word' id='word_1_129' title='bbox 410 2292 482 2364; x_wconf 86' lang='lat' dir='ltr'>quit,</span> <span class='ocrx_word' id='word_1_130' title='bbox 497 2306 555 2350; x_wconf 91' lang='lat' dir='ltr'>non</span> <span class='ocrx_word' id='word_1_131' title='bbox 569 2295 602 2348; x_wconf 91' lang='lat' dir='ltr'>ut</span> <span class='ocrx_word' id='word_1_132' title='bbox 615 2307 692 2365; x_wconf 88' lang='lat' dir='ltr'>papa</span> <span class='ocrx_word' id='word_1_133' title='bbox 706 2291 805 2349; x_wconf 79' lang='lat' dir='ltr'>Romae</span> <span class='ocrx_word' id='word_1_134' title='bbox 819 2289 915 2348; x_wconf 85' lang='lat' dir='ltr'>omnia</span> <span class='ocrx_word' id='word_1_135' title='bbox 929 2288 1088 2363; x_wconf 68' lang='lat' dir='ltr'>praecipere</span> <span class='ocrx_word' id='word_1_136' title='bbox 1102 2289 1220 2362; x_wconf 81' lang='grc'><strong>0110000,</strong></span> <span class='ocrx_word' id='word_1_137' title='bbox 1244 2286 1302 2345; x_wconf 87' lang='grc'><strong>000·</strong></span> <span class='ocrx_word' id='word_1_138' title='bbox 1316 2283 1404 2343; x_wconf 86' lang='lat' dir='ltr'>sedet</span> <span class='ocrx_word' id='word_1_139' title='bbox 1420 2282 1479 2340; x_wconf 91' lang='lat' dir='ltr'>illic</span> <span class='ocrx_word' id='word_1_140' title='bbox 1497 2294 1571 2339; x_wconf 81' lang='lat' dir='ltr'>uerus</span> 
     </span>
     <span class='ocr_line' id='line_1_16' title="bbox 411 2382 1569 2470; baseline -0.012 -15"><span class='ocrx_word' id='word_1_141' title='bbox 411 2396 481 2455; x_wconf 85' lang='lat' dir='ltr'>daus</span> <span class='ocrx_word' id='word_1_142' title='bbox 500 2401 530 2455; x_wconf 89' lang='lat' dir='ltr'>et</span> <span class='ocrx_word' id='word_1_143' title='bbox 547 2396 642 2470; x_wconf 90' lang='lat' dir='ltr'>homo,</span> <span class='ocrx_word' id='word_1_144' title='bbox 665 2410 790 2469; x_wconf 79' lang='lat' dir='ltr'>regnans</span> <span class='ocrx_word' id='word_1_145' title='bbox 809 2403 872 2451; x_wconf 90' lang='lat' dir='ltr'>cum</span> <span class='ocrx_word' id='word_1_146' title='bbox 893 2399 977 2469; x_wconf 85' lang='lat' dir='ltr'>patre</span> <span class='ocrx_word' id='word_1_147' title='bbox 997 2394 1101 2468; x_wconf 82' lang='lat' dir='ltr'>aequali</span> <span class='ocrx_word' id='word_1_148' title='bbox 1120 2392 1250 2468; x_wconf 90' lang='lat' dir='ltr'>potentia</span> <span class='ocrx_word' id='word_1_149' title='bbox 1268 2389 1438 2463; x_wconf 79' lang='lat' dir='ltr'>imperitans</span> <span class='ocrx_word' id='word_1_150' title='bbox 1459 2382 1569 2445; x_wconf 85' lang='lat' dir='ltr'>coelesti·</span> 
     </span>
     <span class='ocr_line' id='line_1_17' title="bbox 382 2490 1571 2576; baseline -0.008 -19"><span class='ocrx_word' id='word_1_151' title='bbox 382 2549 385 2557; x_wconf 91' lang='lat'><em>.</em></span> <span class='ocrx_word' id='word_1_152' title='bbox 410 2502 473 2576; x_wconf 86' lang='lat' dir='ltr'>hus,</span> <span class='ocrx_word' id='word_1_153' title='bbox 496 2502 639 2562; x_wconf 83' lang='lat' dir='ltr'>exaltatus</span> <span class='ocrx_word' id='word_1_154' title='bbox 657 2518 745 2574; x_wconf 90' lang='lat' dir='ltr'>super</span> <span class='ocrx_word' id='word_1_155' title='bbox 760 2500 914 2559; x_wconf 85' lang='lat' dir='ltr'>Cherubim</span> <span class='ocrx_word' id='word_1_156' title='bbox 928 2504 960 2559; x_wconf 91' lang='lat' dir='ltr'>et</span> <span class='ocrx_word' id='word_1_157' title='bbox 977 2499 1136 2575; x_wconf 81' lang='lat' dir='ltr'>Seraphim,</span> <span class='ocrx_word' id='word_1_158' title='bbox 1161 2496 1362 2557; x_wconf 88' lang='lat' dir='ltr'>dominationis</span> <span class='ocrx_word' id='word_1_159' title='bbox 1377 2499 1409 2553; x_wconf 91' lang='lat' dir='ltr'>et</span> <span class='ocrx_word' id='word_1_160' title='bbox 1424 2490 1571 2567; x_wconf 82' lang='lat' dir='ltr'>potestatis,</span> 
     </span>
     <span class='ocr_line' id='line_1_18' title="bbox 409 2592 1572 2679; baseline -0.01 -15"><span class='ocrx_word' id='word_1_161' title='bbox 409 2623 462 2665; x_wconf 85' lang='lat' dir='ltr'>rex</span> <span class='ocrx_word' id='word_1_162' title='bbox 482 2623 596 2679; x_wconf 86' lang='lat' dir='ltr'>quoque</span> <span class='ocrx_word' id='word_1_163' title='bbox 616 2613 759 2667; x_wconf 88' lang='lat' dir='ltr'>terrarum</span> <span class='ocrx_word' id='word_1_164' title='bbox 779 2611 810 2663; x_wconf 93' lang='lat' dir='ltr'>et</span> <span class='ocrx_word' id='word_1_165' title='bbox 830 2605 1038 2665; x_wconf 91' lang='lat' dir='ltr'>immundorum</span> <span class='ocrx_word' id='word_1_166' title='bbox 1061 2602 1231 2665; x_wconf 80' lang='lat' dir='ltr'>inferiorum</span> <span class='ocrx_word' id='word_1_167' title='bbox 1254 2603 1417 2677; x_wconf 89' lang='lat' dir='ltr'>spirituum.</span> <span class='ocrx_word' id='word_1_168' title='bbox 1456 2592 1572 2657; x_wconf 84' lang='lat' dir='ltr'>Admini-</span> 
     </span>
     <span class='ocr_line' id='line_1_19' title="bbox 409 2702 1572 2788; baseline -0.009 -19"><span class='ocrx_word' id='word_1_169' title='bbox 409 2717 484 2771; x_wconf 89' lang='lat' dir='ltr'>strat</span> <span class='ocrx_word' id='word_1_170' title='bbox 497 2716 594 2770; x_wconf 91' lang='lat' dir='ltr'>autem</span> <span class='ocrx_word' id='word_1_171' title='bbox 608 2727 728 2786; x_wconf 81' lang='lat' dir='ltr'>regnum</span> <span class='ocrx_word' id='word_1_172' title='bbox 747 2727 829 2769; x_wconf 86' lang='lat' dir='ltr'>suum</span> <span class='ocrx_word' id='word_1_173' title='bbox 852 2711 1013 2788; x_wconf 82' lang='lat' dir='ltr'>dupliciter.</span> <span class='ocrx_word' id='word_1_174' title='bbox 1053 2711 1193 2770; x_wconf 85' lang='lat' dir='ltr'>Devastat</span> <span class='ocrx_word' id='word_1_175' title='bbox 1213 2722 1311 2768; x_wconf 90' lang='lat' dir='ltr'>omnes</span> <span class='ocrx_word' id='word_1_176' title='bbox 1330 2706 1451 2779; x_wconf 79' lang='grc'><strong>1100100,</strong></span> <span class='ocrx_word' id='word_1_177' title='bbox 1474 2716 1523 2761; x_wconf 86' lang='lat' dir='ltr'>uec</span> <span class='ocrx_word' id='word_1_178' title='bbox 1536 2702 1572 2758; x_wconf 86' lang='lat' dir='ltr'>est</span> 
     </span>
     <span class='ocr_line' id='line_1_20' title="bbox 410 2810 1571 2890; baseline -0.011 -15"><span class='ocrx_word' id='word_1_179' title='bbox 410 2815 487 2890; x_wconf 84' lang='lat' dir='ltr'>quod</span> <span class='ocrx_word' id='word_1_180' title='bbox 501 2815 651 2889; x_wconf 86' lang='lat' dir='ltr'>quisquam</span> <span class='ocrx_word' id='word_1_181' title='bbox 666 2817 693 2875; x_wconf 90' lang='lat' dir='ltr'>ei</span> <span class='ocrx_word' id='word_1_182' title='bbox 708 2816 843 2875; x_wconf 87' lang='lat' dir='ltr'>resistere</span> <span class='ocrx_word' id='word_1_183' title='bbox 858 2816 962 2890; x_wconf 83' lang='lat' dir='ltr'>valeat,</span> <span class='ocrx_word' id='word_1_184' title='bbox 986 2816 1097 2875; x_wconf 89' lang='lat' dir='ltr'>etiamsi</span> <span class='ocrx_word' id='word_1_185' title='bbox 1116 2814 1243 2888; x_wconf 88' lang='lat' dir='ltr'>undique</span> <span class='ocrx_word' id='word_1_186' title='bbox 1263 2810 1385 2871; x_wconf 89' lang='lat' dir='ltr'>flammis</span> <span class='ocrx_word' id='word_1_187' title='bbox 1405 2810 1465 2869; x_wconf 90' lang='lat' dir='ltr'>suis</span> <span class='ocrx_word' id='word_1_188' title='bbox 1486 2812 1514 2865; x_wconf 89' lang='lat' dir='ltr'>et</span> <span class='ocrx_word' id='word_1_189' title='bbox 1526 2820 1571 2863; x_wconf 89' lang='lat' dir='ltr'>un·</span> 
     </span>
     <span class='ocr_line' id='line_1_21' title="bbox 410 2914 1572 3003; baseline -0.012 -22"><span class='ocrx_word' id='word_1_190' title='bbox 410 2920 455 2981; x_wconf 88' lang='lat' dir='ltr'>dis</span> <span class='ocrx_word' id='word_1_191' title='bbox 475 2921 591 3003; x_wconf 75' lang='lat' dir='ltr'>tyranni</span> <span class='ocrx_word' id='word_1_192' title='bbox 605 2922 733 2981; x_wconf 79' lang='grc'><strong>00001001.</strong></span> <span class='ocrx_word' id='word_1_193' title='bbox 765 2921 840 2981; x_wconf 86' lang='lat' dir='ltr'>Nam</span> <span class='ocrx_word' id='word_1_194' title='bbox 856 2938 912 2996; x_wconf 86' lang='lat' dir='ltr'>quo</span> <span class='ocrx_word' id='word_1_195' title='bbox 934 2921 1033 2983; x_wconf 77' lang='grc'><strong>000100</strong></span> <span class='ocrx_word' id='word_1_196' title='bbox 1052 2921 1202 2994; x_wconf 88' lang='lat' dir='ltr'>premitur,</span> <span class='ocrx_word' id='word_1_197' title='bbox 1226 2919 1282 2979; x_wconf 90' lang='lat' dir='ltr'>hoc</span> <span class='ocrx_word' id='word_1_198' title='bbox 1299 2919 1388 2979; x_wconf 89' lang='grc'><strong>101100</strong></span> <span class='ocrx_word' id='word_1_199' title='bbox 1409 2914 1572 2991; x_wconf 72' lang='lat' dir='ltr'>predicatur</span> 
     </span>
     <span class='ocr_line' id='line_1_22' title="bbox 411 3018 1572 3102; baseline -0.009 -17"><span class='ocrx_word' id='word_1_200' title='bbox 411 3027 591 3100; x_wconf 77' lang='lat' dir='ltr'>euangelium</span> <span class='ocrx_word' id='word_1_201' title='bbox 610 3033 640 3086; x_wconf 90' lang='lat' dir='ltr'>et</span> <span class='ocrx_word' id='word_1_202' title='bbox 658 3029 818 3102; x_wconf 80' lang='lat' dir='ltr'>evulgatur.</span> <span class='ocrx_word' id='word_1_203' title='bbox 848 3027 987 3101; x_wconf 79' lang='lat' dir='ltr'>Allegans</span> <span class='ocrx_word' id='word_1_204' title='bbox 1007 3027 1054 3085; x_wconf 93' lang='lat' dir='ltr'>hic</span> <span class='ocrx_word' id='word_1_205' title='bbox 1074 3027 1233 3085; x_wconf 87' lang='lat' dir='ltr'>orationem</span> <span class='ocrx_word' id='word_1_206' title='bbox 1256 3024 1283 3097; x_wconf 83' lang='grc'>0,</span> <span class='ocrx_word' id='word_1_207' title='bbox 1300 3024 1381 3082; x_wconf 86' lang='grc' dir='ltr'><strong>Ροιι1</strong></span> <span class='ocrx_word' id='word_1_208' title='bbox 1396 3023 1428 3081; x_wconf 87' lang='grc'>10</span> <span class='ocrx_word' id='word_1_209' title='bbox 1442 3018 1572 3080; x_wconf 84' lang='lat' dir='ltr'>conuentu</span> 
     </span>
     <span class='ocr_line' id='line_1_23' title="bbox 410 3125 1571 3207; baseline -0.009 -17"><span class='ocrx_word' id='word_1_210' title='bbox 410 3132 665 3205; x_wconf 84' lang='lat' dir='ltr'>Hierosolymitani</span> <span class='ocrx_word' id='word_1_211' title='bbox 681 3140 805 3207; x_wconf 87' lang='lat' dir='ltr'>senatus,</span> <span class='ocrx_word' id='word_1_212' title='bbox 829 3133 1013 3191; x_wconf 75' lang='grc'><strong>00100000.</strong></span> <span class='ocrx_word' id='word_1_213' title='bbox 1033 3136 1064 3191; x_wconf 89' lang='lat' dir='ltr'>et</span> <span class='ocrx_word' id='word_1_214' title='bbox 1082 3131 1228 3191; x_wconf 86' lang='lat' dir='ltr'>detestans</span> <span class='ocrx_word' id='word_1_215' title='bbox 1247 3145 1363 3189; x_wconf 83' lang='lat' dir='ltr'>enorme</span> <span class='ocrx_word' id='word_1_216' title='bbox 1384 3125 1495 3187; x_wconf 84' lang='lat' dir='ltr'>facinus</span> <span class='ocrx_word' id='word_1_217' title='bbox 1514 3136 1571 3181; x_wconf 92' lang='lat' dir='ltr'>con-</span> 
     </span>
     <span class='ocr_line' id='line_1_24' title="bbox 411 3232 1573 3311; baseline -0.01 -14"><span class='ocrx_word' id='word_1_218' title='bbox 411 3234 468 3297; x_wconf 83' lang='lat' dir='ltr'>cilii</span> <span class='ocrx_word' id='word_1_219' title='bbox 489 3237 716 3299; x_wconf 81' lang='lat' dir='ltr'>Constamiensis</span> <span class='ocrx_word' id='word_1_220' title='bbox 737 3239 768 3298; x_wconf 91' lang='grc'>10</span> <span class='ocrx_word' id='word_1_221' title='bbox 788 3240 931 3298; x_wconf 78' lang='lat' dir='ltr'>loannem</span> <span class='ocrx_word' id='word_1_222' title='bbox 953 3238 1042 3311; x_wconf 79' lang='grc'><strong>11000,</strong></span> <span class='ocrx_word' id='word_1_223' title='bbox 1066 3238 1115 3310; x_wconf 85' lang='lat' dir='ltr'>qui</span> <span class='ocrx_word' id='word_1_224' title='bbox 1137 3234 1360 3311; x_wconf 82' lang='lat' dir='ltr'>prophetaverat</span> <span class='ocrx_word' id='word_1_225' title='bbox 1383 3236 1450 3306; x_wconf 89' lang='lat' dir='ltr'>post</span> <span class='ocrx_word' id='word_1_226' title='bbox 1471 3232 1573 3289; x_wconf 88' lang='lat' dir='ltr'>eentum</span> 
     </span>
     <span class='ocr_line' id='line_1_25' title="bbox 411 3340 1642 3425; baseline -0.01 -20"><span class='ocrx_word' id='word_1_227' title='bbox 411 3360 502 3405; x_wconf 86' lang='lat' dir='ltr'>annos</span> <span class='ocrx_word' id='word_1_228' title='bbox 516 3342 580 3403; x_wconf 90' lang='lat' dir='ltr'>Deo</span> <span class='ocrx_word' id='word_1_229' title='bbox 595 3348 625 3403; x_wconf 90' lang='lat' dir='ltr'>et</span> <span class='ocrx_word' id='word_1_230' title='bbox 638 3344 691 3403; x_wconf 86' lang='lat' dir='ltr'>sihi</span> <span class='ocrx_word' id='word_1_231' title='bbox 705 3344 792 3417; x_wconf 80' lang='lat' dir='ltr'>huius</span> <span class='ocrx_word' id='word_1_232' title='bbox 806 3341 938 3403; x_wconf 87' lang='lat' dir='ltr'>maleficii</span> <span class='ocrx_word' id='word_1_233' title='bbox 953 3344 1093 3401; x_wconf 89' lang='lat' dir='ltr'>rationem</span> <span class='ocrx_word' id='word_1_234' title='bbox 1112 3341 1297 3401; x_wconf 86' lang='lat' dir='ltr'>reddendam.</span> <span class='ocrx_word' id='word_1_235' title='bbox 1333 3340 1450 3413; x_wconf 83' lang='lat' dir='ltr'>Regnat</span> <span class='ocrx_word' id='word_1_236' title='bbox 1471 3346 1573 3409; x_wconf 81' lang='lat' dir='ltr'>quoque</span> <span class='ocrx_word' id='word_1_237' title='bbox 1641 3384 1642 3425; x_wconf 38' lang='lat'><strong>3</strong></span> 
     </span>
     <span class='ocr_line' id='line_1_26' title="bbox 412 3438 1642 3523; baseline -0.01 -14"><span class='ocrx_word' id='word_1_238' title='bbox 412 3448 541 3509; x_wconf 80' lang='lat' dir='ltr'>Christus</span> <span class='ocrx_word' id='word_1_239' title='bbox 557 3449 669 3522; x_wconf 86' lang='grc'><strong>100010,</strong></span> <span class='ocrx_word' id='word_1_240' title='bbox 693 3449 791 3509; x_wconf 85' lang='grc'><strong>00010</strong></span> <span class='ocrx_word' id='word_1_241' title='bbox 811 3446 1008 3507; x_wconf 83' lang='lat' dir='ltr'>misericordia</span> <span class='ocrx_word' id='word_1_242' title='bbox 1027 3447 1195 3523; x_wconf 85' lang='lat' dir='ltr'>corripiens,</span> <span class='ocrx_word' id='word_1_243' title='bbox 1219 3443 1385 3505; x_wconf 81' lang='lat' dir='ltr'>confortans</span> <span class='ocrx_word' id='word_1_244' title='bbox 1406 3445 1485 3503; x_wconf 87' lang='grc'><strong>0110</strong></span> <span class='ocrx_word' id='word_1_245' title='bbox 1506 3438 1571 3516; x_wconf 90' lang='lat' dir='ltr'>peri-</span> <span class='ocrx_word' id='word_1_246' title='bbox 1641 3438 1642 3475; x_wconf 72' lang='lat'>³</span> 
     </span>
     <span class='ocr_line' id='line_1_27' title="bbox 411 3550 1571 3628; baseline -0.01 -13"><span class='ocrx_word' id='word_1_247' title='bbox 411 3554 482 3615; x_wconf 91' lang='lat' dir='ltr'>culis</span> <span class='ocrx_word' id='word_1_248' title='bbox 496 3559 670 3615; x_wconf 86' lang='lat' dir='ltr'>sustentans.</span> <span class='ocrx_word' id='word_1_249' title='bbox 700 3555 782 3628; x_wconf 89' lang='lat' dir='ltr'>ltem,</span> <span class='ocrx_word' id='word_1_250' title='bbox 806 3570 842 3613; x_wconf 81' lang='lat' dir='ltr'>ex</span> <span class='ocrx_word' id='word_1_251' title='bbox 856 3553 1006 3627; x_wconf 86' lang='lat' dir='ltr'>scriptmis</span> <span class='ocrx_word' id='word_1_252' title='bbox 1025 3553 1190 3613; x_wconf 88' lang='lat' dir='ltr'>testimonia</span> <span class='ocrx_word' id='word_1_253' title='bbox 1208 3551 1336 3626; x_wconf 87' lang='lat' dir='ltr'>adduxit,</span> <span class='ocrx_word' id='word_1_254' title='bbox 1361 3550 1441 3625; x_wconf 91' lang='lat' dir='ltr'>quod</span> <span class='ocrx_word' id='word_1_255' title='bbox 1459 3551 1489 3607; x_wconf 92' lang='lat' dir='ltr'>in</span> <span class='ocrx_word' id='word_1_256' title='bbox 1507 3558 1571 3619; x_wconf 89' lang='lat' dir='ltr'>sym·</span> 
     </span>
     <span class='ocr_line' id='line_1_28' title="bbox 410 3634 1573 3734; baseline -0.003 -15"><span class='ocrx_word' id='word_1_257' title='bbox 410 3660 478 3720; x_wconf 90' lang='lat' dir='ltr'>bolo</span> <span class='ocrx_word' id='word_1_258' title='bbox 496 3659 610 3734; x_wconf 85' lang='lat' dir='ltr'>dicitnr,</span> <span class='ocrx_word' id='word_1_259' title='bbox 633 3659 834 3726; x_wconf 82' lang='lat' dir='ltr'>ascendentem</span> <span class='ocrx_word' id='word_1_260' title='bbox 854 3658 892 3719; x_wconf 88' lang='grc'>00</span> <span class='ocrx_word' id='word_1_261' title='bbox 911 3658 1015 3732; x_wconf 70' lang='lat' dir='ltr'>coelos,</span> <span class='ocrx_word' id='word_1_262' title='bbox 1039 3656 1184 3718; x_wconf 84' lang='lat' dir='ltr'>sedentem</span> <span class='ocrx_word' id='word_1_263' title='bbox 1204 3634 1242 3717; x_wconf 78' lang='lat' dir='ltr'>ad</span> <span class='ocrx_word' id='word_1_264' title='bbox 1261 3657 1412 3717; x_wconf 87' lang='lat' dir='ltr'>dexteram</span> <span class='ocrx_word' id='word_1_265' title='bbox 1432 3655 1529 3730; x_wconf 85' lang='lat' dir='ltr'>patris,</span> <span class='ocrx_word' id='word_1_266' title='bbox 1549 3652 1573 3707; x_wconf 74' lang='lat' dir='ltr'>ei</span> 
     </span>
     <span class='ocr_line' id='line_1_29' title="bbox 411 3760 1572 3841; baseline -0.008 -16"><span class='ocrx_word' id='word_1_267' title='bbox 411 3764 488 3840; x_wconf 88' lang='lat' dir='ltr'>quod</span> <span class='ocrx_word' id='word_1_268' title='bbox 501 3766 640 3825; x_wconf 79' lang='lat' dir='ltr'>Actorum</span> <span class='ocrx_word' id='word_1_269' title='bbox 656 3769 673 3823; x_wconf 86' lang='grc'><strong>7</strong></span> <span class='ocrx_word' id='word_1_270' title='bbox 691 3766 854 3840; x_wconf 81' lang='lat' dir='ltr'>Stephanus</span> <span class='ocrx_word' id='word_1_271' title='bbox 868 3768 1066 3841; x_wconf 89' lang='lat' dir='ltr'>protomartyr</span> <span class='ocrx_word' id='word_1_272' title='bbox 1081 3765 1134 3824; x_wconf 87' lang='lat' dir='ltr'>ait:</span> <span class='ocrx_word' id='word_1_273' title='bbox 1157 3765 1242 3838; x_wconf 84' lang='lat' dir='ltr'>Ecce,</span> <span class='ocrx_word' id='word_1_274' title='bbox 1265 3764 1348 3825; x_wconf 88' lang='lat' dir='ltr'>video</span> <span class='ocrx_word' id='word_1_275' title='bbox 1364 3763 1454 3823; x_wconf 88' lang='lat' dir='ltr'>coelos</span> <span class='ocrx_word' id='word_1_276' title='bbox 1469 3760 1572 3834; x_wconf 83' lang='lat' dir='ltr'>apertos</span> 
     </span>
     <span class='ocr_line' id='line_1_30' title="bbox 412 3866 1642 3943; baseline -0.009 -14"><span class='ocrx_word' id='word_1_277' title='bbox 412 3876 442 3931; x_wconf 89' lang='lat' dir='ltr'>et</span> <span class='ocrx_word' id='word_1_278' title='bbox 463 3868 552 3929; x_wconf 87' lang='lat' dir='ltr'>tilium</span> <span class='ocrx_word' id='word_1_279' title='bbox 573 3870 695 3941; x_wconf 87' lang='lat' dir='ltr'>hominis</span> <span class='ocrx_word' id='word_1_280' title='bbox 714 3874 839 3931; x_wconf 84' lang='lat' dir='ltr'>stentem</span> <span class='ocrx_word' id='word_1_281' title='bbox 860 3888 879 3930; x_wconf 89' lang='lat' dir='ltr'>a</span> <span class='ocrx_word' id='word_1_282' title='bbox 901 3870 1009 3930; x_wconf 83' lang='lat' dir='ltr'>dextris</span> <span class='ocrx_word' id='word_1_283' title='bbox 1032 3870 1097 3929; x_wconf 82' lang='lat' dir='ltr'>Ilei.</span> <span class='ocrx_word' id='word_1_284' title='bbox 1135 3870 1206 3930; x_wconf 87' lang='lat' dir='ltr'>Item</span> <span class='ocrx_word' id='word_1_285' title='bbox 1227 3870 1263 3929; x_wconf 89' lang='grc'>00</span> <span class='ocrx_word' id='word_1_286' title='bbox 1282 3876 1406 3943; x_wconf 90' lang='lat' dir='ltr'>utraque</span> <span class='ocrx_word' id='word_1_287' title='bbox 1426 3866 1498 3927; x_wconf 86' lang='lat' dir='ltr'>dixit</span> <span class='ocrx_word' id='word_1_288' title='bbox 1518 3877 1572 3921; x_wconf 93' lang='lat' dir='ltr'>seu·</span> <span class='ocrx_word' id='word_1_289' title='bbox 1641 3906 1642 3939; x_wconf 72' lang='grc'><strong>,</strong></span> 
     </span>
     <span class='ocr_line' id='line_1_31' title="bbox 411 3952 1642 4050; baseline -0.01 -15"><span class='ocrx_word' id='word_1_290' title='bbox 411 3976 511 4047; x_wconf 85' lang='lat' dir='ltr'>tentia,</span> <span class='ocrx_word' id='word_1_291' title='bbox 535 3992 621 4049; x_wconf 88' lang='lat' dir='ltr'>quam</span> <span class='ocrx_word' id='word_1_292' title='bbox 639 3975 770 4035; x_wconf 89' lang='lat' dir='ltr'>dominus</span> <span class='ocrx_word' id='word_1_293' title='bbox 785 3978 870 4037; x_wconf 80' lang='lat' dir='ltr'>lesus</span> <span class='ocrx_word' id='word_1_294' title='bbox 885 3975 975 4050; x_wconf 87' lang='lat' dir='ltr'>judex</span> <span class='ocrx_word' id='word_1_295' title='bbox 995 3976 1124 4036; x_wconf 86' lang='lat' dir='ltr'>vivorum</span> <span class='ocrx_word' id='word_1_296' title='bbox 1140 3979 1170 4033; x_wconf 89' lang='lat' dir='ltr'>ot</span> <span class='ocrx_word' id='word_1_297' title='bbox 1184 3981 1362 4035; x_wconf 86' lang='lat' dir='ltr'>mortuormn</span> <span class='ocrx_word' id='word_1_298' title='bbox 1381 3976 1493 4033; x_wconf 80' lang='lat' dir='ltr'>laturus</span> <span class='ocrx_word' id='word_1_299' title='bbox 1507 3970 1573 4028; x_wconf 84' lang='lat' dir='ltr'>esset</span> <span class='ocrx_word' id='word_1_300' title='bbox 1641 3952 1642 3969; x_wconf 56' lang='lat'>¹</span> 
     </span>
     <span class='ocr_line' id='line_1_32' title="bbox 411 4071 1572 4157; baseline -0.001 -19"><span class='ocrx_word' id='word_1_301' title='bbox 411 4095 499 4152; x_wconf 84' lang='lat' dir='ltr'>super</span> <span class='ocrx_word' id='word_1_302' title='bbox 518 4080 613 4140; x_wconf 86' lang='lat' dir='ltr'>hircos</span> <span class='ocrx_word' id='word_1_303' title='bbox 634 4081 793 4157; x_wconf 75' lang='lat' dir='ltr'>cinaedos,</span> <span class='ocrx_word' id='word_1_304' title='bbox 815 4082 917 4155; x_wconf 88' lang='lat' dir='ltr'>impios</span> <span class='ocrx_word' id='word_1_305' title='bbox 939 4085 969 4139; x_wconf 92' lang='lat' dir='ltr'>et</span> <span class='ocrx_word' id='word_1_306' title='bbox 990 4079 1105 4140; x_wconf 87' lang='lat' dir='ltr'>electos.</span> <span class='ocrx_word' id='word_1_307' title='bbox 1143 4081 1282 4154; x_wconf 79' lang='lat' dir='ltr'>Quoniam</span> <span class='ocrx_word' id='word_1_308' title='bbox 1301 4096 1370 4139; x_wconf 90' lang='lat' dir='ltr'>vero</span> <span class='ocrx_word' id='word_1_309' title='bbox 1390 4079 1429 4139; x_wconf 90' lang='lat' dir='ltr'>ob</span> <span class='ocrx_word' id='word_1_310' title='bbox 1449 4071 1572 4149; x_wconf 79' lang='lat' dir='ltr'>temporis</span> 
     </span>
     <span class='ocr_line' id='line_1_33' title="bbox 411 4180 1571 4262; baseline -0.003 -17"><span class='ocrx_word' id='word_1_311' title='bbox 411 4187 563 4261; x_wconf 86' lang='lat' dir='ltr'>penuriam</span> <span class='ocrx_word' id='word_1_312' title='bbox 582 4186 660 4247; x_wconf 86' lang='lat' dir='ltr'>ultre</span> <span class='ocrx_word' id='word_1_313' title='bbox 681 4186 828 4262; x_wconf 76' lang='lat' dir='ltr'>progredi¹</span> <span class='ocrx_word' id='word_1_314' title='bbox 838 4201 896 4245; x_wconf 91' lang='lat' dir='ltr'>non</span> <span class='ocrx_word' id='word_1_315' title='bbox 911 4191 1036 4260; x_wconf 88' lang='lat' dir='ltr'>poterat,</span> <span class='ocrx_word' id='word_1_316' title='bbox 1059 4185 1090 4246; x_wconf 92' lang='lat' dir='ltr'>id</span> <span class='ocrx_word' id='word_1_317' title='bbox 1105 4186 1182 4259; x_wconf 88' lang='lat' dir='ltr'>quod</span> <span class='ocrx_word' id='word_1_318' title='bbox 1196 4187 1368 4261; x_wconf 81' lang='lat' dir='ltr'>praelegerat</span> <span class='ocrx_word' id='word_1_319' title='bbox 1381 4185 1412 4254; x_wconf 87' lang='lat' dir='ltr'>in</span> <span class='ocrx_word' id='word_1_320' title='bbox 1429 4180 1571 4243; x_wconf 81' lang='lat' dir='ltr'>crastum</span> 
     </span>
     <span class='ocr_line' id='line_1_34' title="bbox 411 4286 1572 4380; baseline -0.008 -28"><span class='ocrx_word' id='word_1_321' title='bbox 411 4292 593 4380; x_wconf 87' lang='lat' dir='ltr'>tractandum</span> <span class='ocrx_word' id='word_1_322' title='bbox 611 4292 736 4367; x_wconf 85' lang='lat' dir='ltr'>reliquit.</span> <span class='ocrx_word' id='word_1_323' title='bbox 765 4290 876 4351; x_wconf 87' lang='lat' dir='ltr'>Deinde</span> <span class='ocrx_word' id='word_1_324' title='bbox 895 4292 1025 4367; x_wconf 85' lang='lat' dir='ltr'>collecta,</span> <span class='ocrx_word' id='word_1_325' title='bbox 1039 4292 1181 4353; x_wconf 87' lang='lat' dir='ltr'>dominice</span> <span class='ocrx_word' id='word_1_326' title='bbox 1195 4294 1325 4355; x_wconf 79' lang='lat' dir='ltr'>oratioue</span> <span class='ocrx_word' id='word_1_327' title='bbox 1342 4298 1372 4353; x_wconf 91' lang='grc'>01</span> <span class='ocrx_word' id='word_1_328' title='bbox 1385 4286 1572 4353; x_wconf 86' lang='lat' dir='ltr'>bencdictione</span> 
     </span>
     <span class='ocr_line' id='line_1_35' title="bbox 412 4396 1029 4460; baseline 0.006 -5"><span class='ocrx_word' id='word_1_329' title='bbox 412 4396 514 4457; x_wconf 88' lang='lat' dir='ltr'>clausit</span> <span class='ocrx_word' id='word_1_330' title='bbox 528 4400 693 4460; x_wconf 89' lang='lat' dir='ltr'>concionem</span> <span class='ocrx_word' id='word_1_331' title='bbox 708 4405 738 4459; x_wconf 89' lang='grc'>01</span> <span class='ocrx_word' id='word_1_332' title='bbox 752 4399 898 4459; x_wconf 87' lang='lat' dir='ltr'>ecclesiam</span> <span class='ocrx_word' id='word_1_333' title='bbox 915 4397 1029 4459; x_wconf 90' lang='lat' dir='ltr'>dimisit.</span> 
     </span>
    </p>

    <p class='ocr_par' dir='ltr' id='par_1_5' title="bbox 412 4502 1572 4891">
     <span class='ocr_line' id='line_1_36' title="bbox 500 4502 1572 4583; baseline 0.004 -18"><span class='ocrx_word' id='word_1_334' title='bbox 500 4503 610 4565; x_wconf 83' lang='lat' dir='ltr'>Eadem</span> <span class='ocrx_word' id='word_1_335' title='bbox 632 4504 775 4579; x_wconf 82' lang='lat' dir='ltr'>Vulphiloe</span> <span class='ocrx_word' id='word_1_336' title='bbox 801 4503 980 4565; x_wconf 86' lang='lat' dir='ltr'>Brabentino</span> <span class='ocrx_word' id='word_1_337' title='bbox 1003 4504 1150 4583; x_wconf 88' lang='lat' dir='ltr'>disputata</span> <span class='ocrx_word' id='word_1_338' title='bbox 1176 4505 1313 4580; x_wconf 90' lang='lat' dir='ltr'>colloquii</span> <span class='ocrx_word' id='word_1_339' title='bbox 1338 4502 1502 4565; x_wconf 79' lang='lat' dir='ltr'>Ratishonae</span> <span class='ocrx_word' id='word_1_340' title='bbox 1527 4508 1572 4569; x_wconf 65' lang='lat' dir='ltr'>lif</span> 
     </span>
     <span class='ocr_line' id='line_1_37' title="bbox 412 4599 1570 4684; baseline -0.012 -14"><span class='ocrx_word' id='word_1_341' title='bbox 412 4607 555 4669; x_wconf 85' lang='lat' dir='ltr'>Bucerum</span> <span class='ocrx_word' id='word_1_342' title='bbox 567 4609 712 4684; x_wconf 87' lang='lat' dir='ltr'>descripta</span> <span class='ocrx_word' id='word_1_343' title='bbox 725 4610 764 4670; x_wconf 85' lang='lat' dir='ltr'>ad</span> <span class='ocrx_word' id='word_1_344' title='bbox 778 4610 903 4669; x_wconf 89' lang='lat' dir='ltr'>Nellium</span> <span class='ocrx_word' id='word_1_345' title='bbox 917 4607 1092 4684; x_wconf 90' lang='lat' dir='ltr'>perferenda</span> <span class='ocrx_word' id='word_1_346' title='bbox 1111 4611 1239 4671; x_wconf 89' lang='lat' dir='ltr'>dedimus</span> <span class='ocrx_word' id='word_1_347' title='bbox 1258 4618 1289 4671; x_wconf 91' lang='lat' dir='ltr'>et</span> <span class='ocrx_word' id='word_1_348' title='bbox 1308 4608 1471 4669; x_wconf 78' lang='lat' dir='ltr'>Satharinae</span> <span class='ocrx_word' id='word_1_349' title='bbox 1491 4599 1570 4662; x_wconf 83' lang='lat' dir='ltr'>Sciril·</span> 
     </span>
     <span class='ocr_line' id='line_1_38' title="bbox 413 4704 1568 4790; baseline -0.003 -21"><span class='ocrx_word' id='word_1_350' title='bbox 413 4711 484 4771; x_wconf 89' lang='lat' dir='ltr'>dern</span> <span class='ocrx_word' id='word_1_351' title='bbox 505 4728 622 4788; x_wconf 88' lang='lat' dir='ltr'>precum</span> <span class='ocrx_word' id='word_1_352' title='bbox 640 4715 744 4774; x_wconf 90' lang='lat' dir='ltr'>librum</span> <span class='ocrx_word' id='word_1_353' title='bbox 763 4715 982 4790; x_wconf 75' lang='lat' dir='ltr'>consumimus,</span> <span class='ocrx_word' id='word_1_354' title='bbox 1006 4722 1036 4777; x_wconf 93' lang='grc'>01</span> <span class='ocrx_word' id='word_1_355' title='bbox 1053 4718 1218 4779; x_wconf 88' lang='lat' dir='ltr'>Hermanno</span> <span class='ocrx_word' id='word_1_356' title='bbox 1241 4716 1423 4790; x_wconf 84' lang='lat' dir='ltr'>injunximus,</span> <span class='ocrx_word' id='word_1_357' title='bbox 1446 4716 1479 4771; x_wconf 91' lang='lat' dir='ltr'>ut</span> <span class='ocrx_word' id='word_1_358' title='bbox 1498 4704 1568 4767; x_wconf 83' lang='lat' dir='ltr'>lami.-</span> 
     </span>
     <span class='ocr_line' id='line_1_39' title="bbox 413 4817 1187 4891; baseline 0.01 -16"><span class='ocrx_word' id='word_1_359' title='bbox 413 4817 482 4878; x_wconf 88' lang='lat' dir='ltr'>liam</span> <span class='ocrx_word' id='word_1_360' title='bbox 494 4820 605 4879; x_wconf 88' lang='lat' dir='ltr'>amiciri</span> <span class='ocrx_word' id='word_1_361' title='bbox 619 4828 743 4884; x_wconf 85' lang='lat' dir='ltr'>curaret.</span> <span class='ocrx_word' id='word_1_362' title='bbox 769 4821 885 4883; x_wconf 55' lang='lat' dir='ltr'>‘Eadem</span> <span class='ocrx_word' id='word_1_363' title='bbox 898 4822 1008 4883; x_wconf 84' lang='lat' dir='ltr'>balneis</span> <span class='ocrx_word' id='word_1_364' title='bbox 1023 4825 1068 4885; x_wconf 90' lang='lat' dir='ltr'>usi</span> <span class='ocrx_word' id='word_1_365' title='bbox 1082 4840 1187 4891; x_wconf 80' lang='lat' dir='ltr'>snmus.¹</span> 
     </span>
    </p>
   </div>
   <div class='ocr_carea' id='block_1_3' title="bbox 0 0 1861 5692">
    <p class='ocr_par' dir='ltr' id='par_1_6' title="bbox 0 0 1861 5692">
     <span class='ocr_line' id='line_1_40' title="bbox 0 0 1861 5692; baseline 0 0"><span class='ocrx_word' id='word_1_366' title='bbox 0 0 1861 5692; x_wconf 95' lang='lat' dir='ltr'> </span> 
     </span>
    </p>
   </div>
  </div>
 </body>
</html>
