3700 5692
915 723 978 787 188

360 905 455 964 rubrus
468 904 602 978 precibus
617 903 757 975 instabat,
774 901 952 976 significans,
975 920 1027 962 uos
1043 920 1126 962 omne
1141 921 1180 962 aes
1198 908 1327 963 nostrum
1341 904 1388 964 hic
1402 905 1530 979 insump-

362 1010 434 1068 sisse
456 1008 584 1082 nihilque
605 1007 683 1066 ultra
704 1009 891 1079 pecuniarum
913 1009 961 1067 vel
982 1009 1012 1065 in
1034 1023 1107 1066 zona
1129 1024 1192 1067 esse
1213 1009 1395 1071 velaliende
1416 1010 1532 1069 corradi

362 1129 455 1186 posse.
484 1114 606 1183 Insuper
621 1116 651 1171 et
666 1128 755 1184 equos
770 1113 915 1171 venditum
932 1113 977 1171 iri.
1009 1112 1120 1171 Praesul
1135 1115 1189 1172 etsi
1207 1130 1269 1173 rem
1290 1113 1467 1173 detrectaret
1485 1118 1530 1171 ta-

362 1234 429 1275 men
441 1219 586 1292 precantis
601 1218 818 1290 importunitate
832 1218 923 1275 victus
945 1218 999 1289 ait,
1012 1217 1069 1288 ¹abi
1090 1223 1119 1275 ct
1138 1234 1209 1277 voca
1232 1218 1377 1277 domiuum
1396 1222 1479 1276 tuum
1499 1223 1532 1276 ut

361 1338 449 1395 quam
463 1323 593 1381 ocissime
607 1338 652 1380 me
669 1322 860 1393 subsequatur
875 1322 905 1377 in
919 1320 1057 1394 palatium
1073 1323 1197 1381 caesaris.
1222 1323 1356 1409 Liborius
1368 1323 1458 1395 igitur
1472 1336 1532 1381 uon

361 1428 482 1501 impigre
497 1427 632 1499 euaurrit,
646 1442 693 1500 me
708 1426 764 1484 bac
777 1425 825 1484 die
839 1426 911 1484 nibil
925 1426 1018 1483 minus
1034 1428 1209 1499 cogitantem
1223 1428 1367 1500 accersiit,
1384 1442 1439 1483 uec
1452 1426 1530 1499 ipse-

361 1537 420 1589 met
433 1547 487 1604 ego
499 1530 700 1590 cantabundus
715 1534 832 1601 arrepta
846 1531 944 1587 tunica
958 1530 1094 1588 velociter
1109 1530 1140 1589 iu
1154 1531 1291 1603 palatIum
1300 1529 1443 1589 contendi.
1466 1530 1530 1601 Quo

361 1650 426 1692 cum
439 1641 555 1693 uentum
569 1640 627 1707 est,
650 1636 790 1707 posticum
803 1634 945 1694 intrantes
961 1634 1067 1708 gradm
1082 1636 1192 1707 aliquot
1205 1636 1438 1708 conscendimus,
1461 1634 1531 1693 Pin-

360 1740 507 1812 zingerum
528 1741 559 1798 in
582 1740 745 1799 ambulacro
772 1740 869 1797 cubito
888 1738 1001 1798 haerere
1023 1740 1188 1813 conspicati.
1225 1740 1311 1797 Hunc
1332 1755 1401 1812 ergo
1423 1738 1530 1797 Florus

360 1845 437 1903 illito
452 1844 591 1903 accedens
606 1843 795 1917 interrogauit
808 1843 845 1902 de
859 1844 939 1903 aditu
954 1844 991 1903 ad
1006 1844 1167 1917 presulem.
1190 1844 1219 1902 Is
1230 1844 1313 1916 jubet
1328 1849 1361 1901 ut
1375 1845 1405 1901 iu
1420 1842 1528 1916 hyber-

360 1950 506 2021 naculum,
530 1948 607 2021 quod
622 1965 638 2007 e
653 1950 772 2021 regione
786 1949 879 2007 nostri
899 1954 975 2022 erat,
997 1949 1178 2007 inharemm.
1209 1948 1333 2008 Januam
1353 1949 1442 2021 igitur
1463 1949 1529 2021 pul-

361 2053 489 2113 santibus
512 2054 604 2125 primo
631 2054 766 2111 ostiarius
787 2054 906 2113 introitu
930 2070 982 2111 nos
1003 2052 1160 2127 prohibuit.
1200 2052 1409 2126 Superveniens
1431 2057 1529 2110 autem

358 2159 457 2217 senior
471 2158 586 2230 quidam
599 2158 735 2215 ostiuuus
749 2174 808 2217 non
821 2157 957 2215 salumin
972 2157 1027 2216 hoc
1040 2157 1265 2231 hybernaculum
1279 2157 1331 2215 sed
1345 2162 1374 2215 et
1393 2158 1426 2215 in
1449 2156 1530 2215 aliud

360 2279 486 2337 quoque,
508 2264 589 2335 cujus
604 2258 729 2335 parietes
743 2260 810 2319 huic
824 2262 952 2335 contigui
968 2268 1064 2334 erant,
1087 2266 1116 2321 et
1136 2278 1225 2335 usque
1246 2261 1285 2320 ad
1304 2262 1440 2319 atriolum
1460 2266 1530 2320 ante

199 2420 202 2425 .
314 2441 316 2444 Ι
358 2366 519 2425 cubiculum
533 2368 649 2425 casaris
663 2366 831 2425 introduxit
858 2367 892 2424 In
907 2368 1011 2427 atriolo
1026 2368 1114 2441 igitur
1128 2368 1210 2425 nobis
1225 2364 1460 2439 praestolantibus
1475 2383 1528 2425 au·

359 2472 408 2529 lici
427 2486 561 2544 proceres
580 2470 720 2544 adrepens
739 2477 899 2544 coeperunt
930 2470 1002 2529 Post
1021 2470 1109 2530 breve
1127 2471 1265 2545 temporis
1282 2470 1410 2541 spacium
1430 2472 1529 2530 senior

360 2576 409 2634 ille
424 2575 627 2649 cubicularius,
651 2577 701 2648 qui
715 2591 768 2633 nos
783 2590 817 2633 eo
832 2574 1046 2648 introduxerat,
1070 2591 1087 2633 e
1102 2576 1189 2635 cubili
1202 2575 1319 2633 caesaris
1335 2575 1452 2633 rediens
1473 2576 1524 2647 sit,

359 2680 579 2739 attrebatensem
593 2680 709 2751 quidam
723 2681 799 2739 intro
814 2680 893 2753 apud
906 2696 1042 2739 caesarem
1058 2696 1134 2753 essa,
1157 2696 1258 2738 verum
1265 2694 1430 2752 cesarem,
1454 2696 1529 2738 non·

361 2785 430 2843 dum
445 2784 571 2868 yestibus
585 2783 725 2843 indutum
761 2784 879 2843 Interea
892 2785 1022 2843 Eubulus
1038 2777 1092 2843 deo
1107 2790 1136 2843 et
1155 2785 1327 2858 cogitatione
1347 2788 1377 2841 et
1397 2784 1530 2842 oratione

360 2891 511 2962 negocium
522 2904 607 2946 amne
622 2888 770 2947 commisit.
806 2889 934 2947 Tandem
952 2888 1129 2961 Papenheim
1147 2888 1314 2947 monoculus
1335 2888 1531 2947 marschalcus

359 2993 474 3066 imperii
485 2992 611 3051 advenit.
641 2993 670 3051 Is
686 3009 722 3051 ex
736 2992 824 3051 Floro
838 2993 997 3051 sciscitatus
1013 2999 1069 3067 est,
1095 2994 1224 3066 quisnam
1240 2996 1316 3051 esset
1337 2992 1396 3049 illic
1417 2990 1456 3049 ad
1479 3008 1527 3049 ca-

360 3099 468 3157 minum
482 3102 590 3156 astans.
627 3096 731 3155 Florus
744 3098 895 3171 respondit
913 3113 977 3155 esse
997 3096 1168 3157 Wolradum
1187 3097 1318 3155 comitem
1338 3112 1356 3153 a
1377 3094 1530 3153 Waldech.

360 3200 486 3259 Rursum
500 3201 690 3259 marschalcus
703 3200 779 3260 iniit:
801 3203 893 3261 Estne
907 3202 954 3260 hic
966 3218 1063 3261 comes
1077 3202 1136 3277 ille,
1153 3201 1203 3275 qui
1217 3216 1248 3259 se
1263 3199 1301 3257 ad
1310 3200 1532 3271 caesarisgeuua

361 3305 564 3379 provoluturus
579 3305 644 3365 est?
666 3307 870 3380 Respondente
884 3306 986 3366 Floro:
1010 3307 1071 3367 Irno
1086 3307 1111 3365 is
1126 3311 1184 3378 est,
1209 3302 1385 3376 Papenheiru
1408 3318 1462 3360 nos
1483 3318 1529 3360 sa-

361 3410 457 3469 lutans
478 3411 532 3470 ait:
556 3411 691 3485 Domine,
712 3411 765 3470 tibi
784 3411 928 3469 machara
950 3409 1120 3483 deponenda
1139 3412 1198 3467 est:
1223 3409 1253 3467 si
1268 3424 1341 3480 puer
1355 3407 1462 3478 aliquis
1477 3404 1530 3465 ad-

360 3519 446 3587 esset,
463 3516 512 3586 qui
527 3531 591 3573 eam
604 3517 658 3574 tibi
672 3519 843 3574 asserum
873 3514 918 3572 Ac
932 3516 994 3587 ipse
1008 3512 1215 3587 nrarschulcus,
1237 3519 1271 3571 ut
1291 3518 1335 3570 est
1355 3510 1442 3569 homo
1462 3526 1532 3569 vera

361 3619 468 3691 probus
483 3625 513 3677 et
526 3619 706 3692 sImplicioris
720 3619 842 3692 ingenii,
857 3618 1018 3678 Adrianum
1032 3624 1162 3678 nocuum
1176 3618 1296 3677 accessit
1311 3632 1345 3674 ac
1359 3614 1402 3673 illi
1418 3614 1530 3688 gladio-

361 3723 420 3782 lun
435 3724 569 3796 tradidit,
593 3739 782 3795 reversusque
793 3723 835 3781 ad
849 3738 916 3794 nos,
938 3724 1040 3795 quibus
1056 3722 1234 3782 caeremoniis
1249 3738 1301 3780 nos
1316 3719 1354 3779 ad
1368 3734 1466 3793 genua
1480 3718 1530 3777 de·

360 3828 547 3901 mitteremus,
563 3827 672 3900 docuit,
686 3828 791 3901 Jubens
800 3824 947 3887 iaciemad
962 3834 1069 3886 terram
1079 3844 1198 3901 pronam
1210 3826 1354 3898 haberem,
1371 3823 1464 3882 donec
1478 3824 1530 3880 im-

261 3941 265 3952 ·
360 3934 916 4004 peratoripsemeadmajestatemsuam
924 3932 1063 3991 accedere
1071 3932 1195 4005 juberet.
1220 3931 1411 4001 Quamobrem
1421 3929 1532 4001 gratias

360 4034 403 4093 illi
413 4051 502 4108 agens
516 4053 570 4109 pro
583 4037 638 4095 hac
651 4035 853 4095 informatione
864 4043 896 4095 et
906 4037 984 4109 quod
992 4054 1037 4095 me
1049 4037 1187 4095 hactenus
1197 4038 1227 4093 in
1238 4035 1362 4107 hospitio
1373 4034 1530 4106 impertur-

359 4140 459 4200 tatum
473 4141 636 4213 reliquisset
651 4140 729 4217 (nam
743 4140 934 4215 hospitiorum
949 4141 1079 4200 ordinum
1095 4141 1208 4213 imperii
1222 4144 1345 4199 metator
1361 4135 1428 4211 ast).
1458 4138 1532 4195 Erat

258 4242 260 4246 ’
300 4297 302 4300 .
360 4248 457 4303 autem
471 4241 532 4303 iere
547 4243 665 4303 decima.
696 4245 782 4302 Venit
796 4245 911 4303 tandem
935 4244 1129 4317 Schaumberg
1149 4242 1219 4301 baro
1239 4248 1268 4301 et
1289 4248 1397 4315 praetor
1418 4241 1530 4314 palatii,

360 4350 430 4408 item
443 4349 609 4422 capitaneus
624 4347 820 4407 excubitorum
836 4349 952 4408 casuris
976 4348 1106 4407 dominus
1128 4347 1165 4406 de
1188 4347 1353 4419 Zeltingen,
1379 4350 1410 4404 et
1432 4346 1530 4417 plures
1587 4375 1589 4379 ·

360 4430 428 4511 Itali
448 4458 478 4511 et
495 4453 574 4511 Iberi
595 4454 714 4513 caesmei
732 4455 984 4527 anteambuloues,
1007 4468 1060 4511 nec
1079 4452 1181 4511 aberat
1202 4452 1307 4510 Petrus
1325 4467 1344 4509 a
1363 4447 1529 4519 Malianda,

361 4556 411 4628 qui
426 4554 550 4628 obliquis
564 4559 654 4616 oculis
667 4576 720 4617 nos
733 4544 855 4617 intuitus
869 4559 969 4617 sedulo
983 4558 1048 4616 risit
1069 4562 1098 4615 et
1119 4556 1181 4615 iere
1203 4556 1293 4629 digito
1317 4556 1527 4625 demonstrans,

361 4662 444 4733 quasi
458 4661 578 4719 diceret:
602 4663 666 4720 Hoc
681 4669 726 4721 est
740 4663 818 4736 quod
832 4661 1045 4735 desiderabam,
1071 4662 1138 4735 qaia
1152 4662 1234 4735 pejus
1250 4658 1344 4719 iacere
1365 4657 1451 4717 ruodo
1472 4673 1529 4715 non

360 4780 487 4836 quassum.
517 4764 615 4825 Habet
629 4773 724 4826 autem
740 4784 830 4827 caesar
844 4784 964 4840 purum
979 4766 1202 4839 hyberuao'ulum
1226 4762 1355 4823 cubiculo
1374 4778 1427 4821 suo
1446 4762 1527 4833 juna
