3700 5692
848 716 910 783 ibi

288 905 370 965 trina
383 903 463 977 viret
476 909 509 963 et
519 899 632 963 tructus
646 916 747 961 eorum
765 900 796 960 in
816 899 932 958 odmetu
950 896 1029 957 orbis
1043 902 1188 957 terrarum
1207 900 1342 961 universe
1356 900 1461 975 germi-

288 1012 372 1069 uant.
402 1008 443 1068 Et
455 1014 491 1067 ut
502 1008 577 1067 liliae
595 1012 727 1081 tempore
742 1006 813 1065 deus
832 1005 888 1065 sibi
907 1004 1004 1063 adbuc
1022 1007 1183 1065 reservavit
1202 1010 1311 1079 septem
1329 1006 1419 1065 millia
1433 1008 1464 1067 iu

289 1115 393 1190 isreel,
407 1115 458 1189 qni
471 1130 566 1188 pennu
580 1126 678 1172 coram
690 1111 765 1173 Beal
782 1125 842 1171 non
854 1107 1011 1185 flexerunt,
1032 1113 1074 1171 ita
1097 1111 1195 1171 etheo
1209 1117 1295 1173 etate
1309 1112 1386 1171 bona
1408 1128 1462 1173 nos

289 1234 358 1292 spes
371 1226 471 1303 munet
486 1217 499 1255 ¹
514 1220 627 1293 aliquos
640 1218 735 1277 adhuc
756 1232 907 1291 superesse
921 1216 1102 1277 christiems.
1140 1218 1266 1279 Necesse
1281 1224 1325 1279 eet
1339 1219 1415 1277 enim
1431 1225 1464 1277 nt

290 1341 357 1385 eum
370 1323 503 1385 cbristus
516 1325 637 1399 venerit,
652 1325 780 1399 aliquem
792 1322 887 1384 adbuc
900 1320 988 1381 fidem
1002 1322 1143 1395 reliquam
1157 1322 1292 1383 futurum.
1317 1323 1371 1395 Qui
1384 1324 1462 1383 euim

289 1429 375 1491 fieret
388 1431 511 1492 Paulum
526 1414 634 1491 dicere:
657 1430 719 1491 Nos
739 1430 790 1515 qui
802 1430 908 1505 reliqui
922 1429 1038 1503 erimus,
1054 1446 1114 1489 nou
1127 1432 1332 1504 preveniemus
1348 1446 1398 1496 eos
1413 1432 1463 1504 qui

289 1535 451 1611 dormiunt,
475 1537 529 1596 sed
541 1537 650 1595 mortui
663 1536 892 1611 susuubuncar,
907 1552 962 1595 uos
977 1552 1047 1595 vero
1061 1535 1273 1595 immutabimur
1288 1541 1396 1595 etcum
1409 1535 1461 1595 do·

289 1644 369 1702 mino
382 1644 530 1716 rapiemur
543 1644 575 1703 in
588 1658 659 1703 eere
672 1649 726 1702 ete.
764 1642 838 1702 Item
852 1640 984 1702 cereus
1000 1642 1082 1703 dicit:
1100 1640 1158 1702 Ubi
1173 1642 1230 1701 duo
1246 1648 1331 1701 erunt
1344 1644 1374 1701 in
1390 1659 1461 1717 egro

289 1764 359 1821 uua,
374 1764 451 1807 uuus
465 1754 628 1809 assumetur
639 1752 671 1808 et
681 1748 760 1807 ulter
772 1749 953 1824 relinquetur
967 1755 1021 1809 etc.
1052 1748 1180 1809 Locutus
1195 1753 1239 1809 est
1253 1736 1350 1812 eutem
1364 1748 1401 1807 de
1414 1749 1460 1809 his

289 1852 378 1912 rebus
392 1860 423 1915 et
436 1854 492 1913 boc
505 1851 600 1914 ductu
615 1854 775 1927 apostolico
789 1858 819 1914 et
832 1854 978 1929 quomodo
997 1861 1143 1930 utcunque
1163 1856 1346 1917 sevientibus
1360 1860 1460 1929 tyreu·

290 1960 334 2017 nia
350 1959 441 2019 deleri
455 1975 515 2019 uon
528 1964 644 2034 queant.
681 1960 728 2021 Es
746 1961 864 2033 spiritus
882 1962 978 2034 gretie
999 1966 1033 2021 ut
1046 1961 1102 2034 piis
1116 1960 1206 2019 corde
1219 1976 1280 2035 pree
1295 1962 1397 2019 letitia
1411 1976 1460 2035 ge·

288 2065 360 2123 stite
374 2066 438 2125 vise
452 2066 520 2140 sint,
536 2066 573 2125 de
587 2081 626 2135 eo,
638 2072 734 2125 eutem
748 2067 827 2141 quod
842 2066 973 2127 cbristus
994 2068 1050 2125 eit:
1074 2066 1241 2139 »Quicquid
1251 2067 1393 2141 petieritis
1408 2083 1460 2141 pe-

288 2174 365 2229 trem
378 2170 411 2229 in
423 2172 540 2229 nomine
553 2186 628 2245 meo,
644 2171 726 2231 dabit
739 2172 857 2245 robis«,
872 2174 914 2231 eit
928 2188 961 2231 ee
974 2171 1114 2246 proximis
1129 2172 1313 2231 concionibus
1329 2174 1399 2231 setis
1415 2188 1461 2231 sn·

287 2291 400 2349 perque
414 2275 553 2341 docuisse.
592 2277 657 2337 Huc
678 2278 874 2339 eutemuobie
888 2276 1113 2351 respiciendum,
1137 2282 1170 2335 ut
1188 2279 1220 2336 in
1235 2278 1417 2339 observantia
1432 2284 1462 2347 et

289 2396 432 2441 consensu
454 2381 602 2443 electionis
622 2382 729 2443 Christi
746 2390 967 2459 perreverentes
990 2383 1100 2443 animos
1122 2389 1236 2443 nostros
1251 2384 1282 2443 in
1295 2385 1462 2459 promissio·

288 2504 341 2547 nes
357 2486 465 2549 Obrieti
479 2486 600 2563 figamus
614 2496 645 2548 et
659 2505 773 2549 oremus
783 2491 870 2564 juxte
885 2489 1061 2549 veluntatem
1077 2488 1197 2563 Christi3
1214 2495 1275 2549 tum
1290 2491 1365 2550 euim
1378 2504 1462 2549 nose

288 2598 374 2666 petre
386 2596 537 2655 exeuditoe
550 2595 602 2669 iri,
619 2610 673 2656 nec
686 2611 759 2671 epm
773 2612 838 2655 ease
851 2595 899 2654 bic
912 2594 1064 2656 sollicitum
1079 2610 1142 2655 esse
1157 2594 1194 2655 de
1209 2596 1391 2655 invocatione
1405 2595 1459 2653 ali-

289 2716 372 2761 orum
385 2706 650 2776 percurruntur
663 2702 700 2761 de
713 2700 770 2760 hec
783 2718 817 2761 re
830 2700 978 2775 disputare
1001 2717 1035 2763 ec
1051 2716 1151 2761 eorum
1167 2702 1297 2761 cretione
1311 2716 1364 2776 per
1381 2700 1462 2761 (ibri-

289 2813 365 2869 scum
379 2805 463 2866 nobis
476 2808 646 2881 praescripta
656 2808 720 2867 luce
731 2808 837 2868 clarius
846 2808 965 2884 liqueat,
981 2810 1018 2869 ed
1035 2826 1119 2883 quem
1134 2824 1218 2869 orere
1234 2809 1348 2883 etquid
1362 2815 1462 2883 petere

289 2912 455 2973 debuemus.
492 2912 572 2973 Idem
586 2912 726 2987 dominus,
741 2929 794 2972 rex
809 2919 839 2973 et
857 2913 998 2975 liberator
1020 2920 1120 2976 noster
1133 2916 1153 2974 J
1154 2932 1220 2975 esus
1236 2914 1366 2975 Christus
1382 2929 1462 2975 mens

289 3020 421 3094 etimsgo
428 3020 522 3093 petris
530 3018 713 3093 ejusdemque
722 3017 905 3079 filiusunicue
912 3027 942 3081 et
951 3022 1080 3097 dilectus,
1094 3022 1153 3097 qui,
1166 3021 1402 3096 cumipsemeteit
1412 3036 1461 3080 ve·

288 3124 370 3199 fries,
386 3129 417 3184 et
430 3140 499 3183 rere
520 3124 593 3185 dixit
605 3123 730 3185 fructum
743 3126 939 3198 apostolorum
954 3143 1119 3187 mansurum
1134 3132 1164 3187 et
1182 3127 1321 3187 hactenus
1336 3125 1461 3187 fructum

289 3230 479 3305 apostolieum
489 3236 705 3303 permanentem
719 3232 945 3305 conservaritis
958 3231 1039 3291 nobis
1055 3239 1086 3292 et
1096 3232 1205 3291 auxilio
1215 3239 1244 3291 et
1253 3233 1388 3306 presidio
1399 3247 1463 3291 esse

289 3336 368 3409 velit,
379 3342 415 3395 ut
422 3335 499 3396 hune
511 3342 592 3411 'purte
602 3336 740 3397 doetriuae
749 3316 873 3397 fructum
880 3336 1050 3397 inconcusse
1064 3335 1122 3395 fide
1132 3342 1161 3395 ct
1170 3338 1310 3421 charitate
1318 3354 1409 3410 usque
1424 3337 1462 3396 ed

289 3446 449 3501 extremum
462 3444 530 3501 rite
544 3442 664 3501 halitum
677 3444 894 3516 pementiamus,
904 3442 946 3501 nil
956 3443 1104 3501 conterriti
1118 3448 1163 3502 tot
1176 3448 1365 3517 tyrannorum
1378 3442 1463 3499 minis

289 3552 319 3605 et
340 3545 589 3623 persecutionibus
612 3564 646 3608 ac
664 3565 702 3607 ne
723 3550 853 3624 priorum
874 3547 1023 3609 doctorum
1047 3549 1251 3609 reditionibus
1273 3565 1326 3617 nec
1349 3564 1462 3623 quoque

287 3651 492 3713 hereticorum
511 3654 659 3714 erroribus
687 3654 870 3729 seducamur,
895 3670 953 3727 quo
978 3653 1148 3717 adveniente
1172 3656 1236 3729 ipso
1258 3654 1374 3733 dominp
1398 3670 1462 3711 cum

289 3760 396 3819 eeterm
409 3761 509 3821 electis
526 3761 584 3835 ipsi
597 3760 711 3820 obviam
724 3762 872 3835 rapiemur
884 3761 916 3819 iu
931 3776 1017 3835 uere,
1041 3762 1086 3819 cui
1100 3776 1176 3819 nuuc
1190 3766 1220 3821 et
1241 3761 1271 3819 in
1294 3764 1463 3835 perpetuum

288 3882 354 3925 cum
367 3865 424 3927 deo
437 3872 521 3942 patre
535 3872 567 3925 et
580 3883 603 3925 s.
619 3867 723 3941 spiritu
733 3867 829 3949 prunis
843 3866 882 3924 eit
894 3865 1004 3939 honor,
1020 3867 1082 3926 leus
1097 3872 1127 3927 et
1139 3867 1243 3943 glorie.
1274 3864 1375 3924 Amen.

377 3971 489 4031 Fedem
506 3974 734 4047 compererimus
752 3971 836 4033 nobis
853 3973 943 4031 libros
966 3971 1038 4032 duos
1053 3974 1251 4047 aenigmatum,
1276 3987 1348 4044 quos
1362 3970 1462 4031 Hede-

288 4079 397 4137 murius
418 4080 448 4152 et
461 4077 617 4153 redegerat
630 4083 661 4137 et
674 4078 800 4137 cermine
814 4077 997 4153 reddiderat,
1019 4093 1074 4151 pro
1094 4077 1204 4140 duobus
1226 4078 1327 4139 betzis.
1366 4077 1463 4137 Unum

287 4179 460 4255 Etedorido,
475 4180 597 4244 altemm
612 4183 739 4243 Semueli
753 4184 853 4258 nepoti
867 4182 943 4241 dono
957 4181 1095 4243 dedimus.

378 4286 529 4349 Liberium
550 4288 589 4348 ed
604 4288 736 4363 Seldum,
761 4288 960 4363 Milcbliugum
980 4288 1019 4349 ed
1032 4287 1212 4355 Luderitium
1238 4289 1379 4361 misimus,
1410 4285 1463 4345 sed

259 4468 263 4473 .
288 4393 375 4454 ambo
390 4392 475 4453 domo
488 4392 650 4454 abfuerant
689 4394 805 4455 Samuel
822 4408 914 4469 nepos
937 4392 1016 4467 apud
1030 4394 1198 4453 Anexonem
1213 4409 1277 4453 cum
1292 4390 1463 4466 quibusdem

288 4498 463 4560 electoribus
477 4504 607 4559 ooenetus
622 4506 675 4559 est

377 4602 514 4665 Idborius
527 4606 651 4667 luxuriei
665 4622 726 4667 sue
740 4605 847 4668 illicite
861 4606 1069 4679 heteroclytum
1083 4619 1196 4697 quoque
1211 4610 1299 4677 caput
1312 4602 1433 4664 eddidit.

867 4727 883 4763 t

363 4815 378 4861 l
396 4812 505 4863 mouet?

307 4930 311 4936 ¹
332 4914 449 4961 walhem
1210 4908 1247 4963 ll
