3700 5692
938 743 981 810 36

462 926 589 990 Abibsnt
602 925 702 988 omem
714 922 806 988 frater
819 931 919 987 noster
936 925 1077 1000 Joannes,
1099 923 1289 997 wendelinus
1309 928 1340 984 ιι
1358 924 1533 999 Milchllngus

374 1031 571 1108 sollicitatum,
586 1037 618 1093 at
632 1032 861 1094 antemeridiano
874 1037 1005 1105 tempore
1020 1047 1105 1090 nemo
1121 1046 1157 1090 ex
1172 1029 1340 1091 consiliariis
1355 1031 1387 1090 iu
1401 1026 1535 1091 auditorio

372 1135 514 1198 adfuerat
537 1137 573 1198 ld
586 1144 682 1199 autem
695 1139 740 1198 his
755 1136 792 1197 de
807 1136 901 1196 causis
915 1134 1023 1198 factum
1037 1141 1116 1211 puto,
1134 1135 1202 1208 quia
1217 1133 1278 1195 dies
1290 1139 1353 1196 erat
1369 1135 1414 1214 (nt
1427 1133 1534 1210 vaona)

373 1243 568 1318 rogationum,
592 1249 621 1303 et
635 1243 774 1302 archidux
788 1243 962 1303 medicorum
976 1257 1065 1316 opera
1080 1256 1193 1315 quoque
1208 1256 1292 1316 usus,
1317 1241 1355 1301 ad
1373 1241 1442 1316 hoc,
1466 1238 1536 1313 quod

374 1349 514 1410 electores
528 1353 611 1408 erma
624 1348 724 1408 urbem
738 1347 817 1423 apud
831 1347 1037 1407 Treverensem
1051 1345 1158 1406 Libero
1174 1345 1251 1420 patri
1266 1341 1469 1404 sacrificarent.

461 1453 620 1514 Narratum
638 1457 683 1513 est
696 1453 779 1513 nobis
793 1451 908 1526 eadem,
932 1451 1010 1524 quod
1030 1451 1084 1512 sub
1105 1451 1187 1510 initio
1209 1450 1386 1511 comitiorum
1407 1450 1539 1526 Auguste

374 1560 491 1620 comites
504 1575 552 1618 am
561 1558 653 1618 Hartu
667 1575 686 1618 a
699 1550 831 1617 Cesarea
845 1557 996 1630 majestate
1009 1557 1211 1632 impetrarunt,
1226 1560 1260 1615 ut
1274 1554 1390 1629 quidem
1405 1571 1458 1631 pro
1471 1553 1536 1614 libe

373 1668 415 1725 ris
424 1664 538 1741 imperii
548 1663 698 1725 comitibus
712 1661 815 1722 haberi
828 1662 949 1736 possint,
965 1666 996 1721 et
1008 1665 1105 1722 ιιιιιιιι
1119 1660 1248 1720 dominos
1262 1657 1415 1720 feudorum
1429 1674 1538 1720 suorum

373 1774 558 1832 mutarenon
573 1773 753 1842 cogerentur.
1020 1775 1022 1780 ’

464 1873 577 1934 Eadem
591 1890 645 1949 per
658 1873 827 1934 Holensium
842 1871 1031 1933 secretarium
1045 1869 1190 1930 uxorculae
1206 1869 1317 1945 scripsi.

462 1979 590 2054 viglius,
612 1979 706 2056 Hase,
728 1978 903 2054 Marqnard,
923 1994 977 2052 pro
992 1977 1085 2038 veteri
1099 1991 1179 2038 more
1192 1975 1231 2036 de
1244 1976 1405 2051 rapacitate
1419 1973 1538 2040 Pareno-

374 2087 472 2147 tom'm
485 2090 712 2160 conqueruntur.

462 2189 554 2250 Fama
572 2190 687 2265 quidem
705 2187 775 2264 fuit,
795 2188 948 2280 libertum
968 2191 1100 2250 comitem
1120 2189 1156 2249 de
1178 2183 1348 2261 Mansfeldt,
1372 2199 1404 2244 se
1424 2183 1541 2260 gratiam

373 2297 555 2372 imperatoris
569 2311 742 2369 recuperare
756 2310 858 2369 posse,
880 2309 961 2367 spem
975 2295 1101 2369 aliquam
1116 2291 1296 2367 concepisse,
1313 2289 1366 2350 sed
1380 2289 1540 2364 aegrahaec.

461 2399 573 2462 Ειᾱιιιι
587 2398 779 2474 wolfgangus
792 2399 942 2460 Musculus
957 2401 1097 2475 scriptum
1111 2398 1148 2459 D.
1165 2397 1289 2458 Martini
1302 2395 1409 2456 Bucari
1430 2395 1465 2456 de
1487 2392 1540 2453 dis·
1644 2449 1645 2452 ,

373 2507 483 2580 putatis
497 2505 665 2566 Ratisbonae
678 2505 710 2565 in
724 2504 865 2578 colloquio
886 2508 917 2563 et
935 2509 1036 2566 contra
1054 2504 1272 2566 vintoniensem
1291 2501 1444 2576 epistolam
1463 2497 1541 2560 nobis
1644 2569 1645 2598 1

373 2611 404 2669 in
417 2609 573 2684 hospitium
586 2611 756 2670 transmisit.
1104 2659 1107 2667 .

463 2714 523 2774 Sub
543 2729 655 2775 ooenam
677 2714 791 2774 Samuel
820 2730 910 2791 nepos
932 2713 1053 2776 adduxit
1080 2712 1344 2786 Schwartzbergum
1370 2709 1410 2770 de
1429 2706 1537 2770 Bebsn·
1644 2771 1645 2788 ,

373 2821 447 2896 berg
460 2825 491 2881 et
498 2816 643 2880 Baranam
652 2817 743 2880 filium
751 2819 920 2881 Fridericia
930 2818 1180 2893 Schwarzenberg,
1196 2817 1255 2892 qui,
1271 2814 1348 2890 quod
1358 2814 1469 2876 Joanni
1480 2813 1540 2873 Fri·

373 2926 472 2987 derico
487 2926 605 2986 electori
618 2924 802 3000 militaverat,
818 2924 927 2985 ditione
941 2942 995 2985 sua
1008 2925 1151 3000 privatus,
1167 2938 1253 2998 quam
1269 2921 1409 2981 Albertus
1422 2917 1543 2978 marchio
1644 2937 1645 2988 ;

328 3043 331 3050 ·
374 3047 411 3092 ex
424 3032 502 3092 dono
516 3047 642 3092 casarea
656 3036 744 3092 tenet.
767 3030 815 3090 Sic
827 3031 905 3090 servi
919 3029 1029 3090 domini
1046 3031 1170 3103 exulant,
1185 3027 1334 3088 helluones
1347 3025 1483 3102 papistici
1496 3022 1542 3084 do·
1644 3051 1645 3090 f

350 3120 354 3126 ’
373 3136 469 3196 miniis
483 3135 611 3198 aliorum.
619 3133 753 3197 fruuntur
768 3141 798 3196 et
810 3135 983 3196 helluautur.
1012 3135 1152 3196 Dominus
1167 3137 1264 3194 tamen
1283 3147 1343 3192 uon
1363 3130 1541 3204 derelinquet

375 3240 598 3302 suosinfinem.
1410 3261 1413 3266 ¹

464 3347 637 3422 Supervenit
650 3353 680 3407 ιι
693 3346 828 3407 Hoiensis
843 3345 1026 3406 secretarius.

444 3451 542 3513 diota
556 3453 722 3512 comitatum
735 3452 838 3510 Frisios
852 3451 1011 3511 orientalis
1017 3465 1079 3511 esse
1093 3447 1211 3511 feudum
1225 3449 1360 3510 comitum
1380 3442 1541 3507 Hailandiae

375 3557 414 3618 ad
428 3557 578 3632 imperium
591 3563 688 3617 ιιιιιιιι
701 3556 839 3616 hactenus
854 3557 1003 3630 pertinuit,
1020 3556 1072 3616 sed
1087 3570 1162 3614 nuno
1177 3570 1213 3614 ea
1226 3570 1273 3614 res
1288 3570 1320 3614 se
1334 3552 1466 3613 mutadt.

464 3662 586 3722 Domine
601 3662 685 3737 Jesu,
709 3663 759 3736 qni
772 3662 949 3735 paracletum
965 3660 1111 3736 discipulis
1131 3661 1188 3719 tuis
1209 3659 1364 3735 promisisti
1386 3664 1417 3720 et
1437 3653 1543 3726 misisti,

376 3783 490 3843 quoque
502 3768 652 3841 pronubis
666 3767 845 3828 intercedere
861 3766 988 3842 digneris
1002 3767 1079 3840 apud
1092 3771 1205 3840 patrem
1219 3768 1301 3825 tuum
1316 3765 1472 3835 coelestem,
1489 3771 1555 3831 an'
1644 3839 1645 3842 Ἴ

375 3870 459 3930 nobis
482 3871 604 3932 eundem
628 3873 837 3933 consolatorem
856 3872 989 3946 spiritum
1010 3872 1153 3946 impartiri
1172 3871 1256 3946 velit,
1279 3869 1328 3943 qui
1350 3869 1448 3928 omnia
1467 3861 1543 3924 nobis

376 3981 525 4050 suggerat,
550 3980 583 4035 ut
602 3980 632 4035 et
650 3976 802 4051 praeceptis
823 3977 882 4038 tuis
902 3977 992 4037 dediti
1012 3976 1134 4037 eundem
1152 3981 1267 4050 patrem
1283 3991 1336 4050 per
1348 3978 1379 4034 ιι
1394 3974 1426 4032 in
1441 3969 1540 4046 spiritu
1644 4047 1645 4056 ἵ

376 4084 475 4140 sancto
489 4095 616 4141 amemus
631 4085 738 4141 etcum
752 4088 877 4142 memore
891 4097 1075 4143 revereamur
1089 4082 1120 4141 in
1135 4081 1314 4159 semperne,
1325 4078 1432 4140 secula.

464 4183 611 4246 Nunciata
632 4185 732 4247 eadem
754 4203 832 4248 mors
854 4187 977 4248 loannis
999 4187 1138 4262 Hilchen,
1169 4186 1275 4262 equitis
1296 4184 1392 4244 aurati
1413 4186 1444 4242 et
1469 4175 1543 4238 ducis

355 4376 357 4380 Ι
376 4293 519 4353 sxerdtus
534 4290 698 4354 Oaesarimi.

463 4398 563 4460 Abbus
585 4399 617 4458 in
630 4398 833 4474 weingarten,
858 4397 907 4471 qui
932 4401 963 4456 et
976 4398 1038 4472 ipse
1060 4397 1137 4458 iuter
1158 4400 1251 4456 status
1273 4393 1385 4468 imperii
1400 4406 1481 4452 suam
1502 4385 1555 4464 (ut

363 4499 492 4578 ⁴vocent)
513 4505 670 4565 sessionem
691 4508 722 4564 et
742 4501 960 4585 vocemyhabet,
983 4502 1068 4564 homo
1086 4503 1170 4576 juxta
1184 4501 1278 4562 carnis
1292 4499 1476 4574 prudentiam
1489 4507 1543 4574 non

376 4622 412 4666 ex
434 4608 512 4666 omni
534 4614 619 4682 parte
642 4607 778 4683 stolidus,
813 4607 881 4667 dum
900 4607 1149 4682 sesquipedalibus
1170 4604 1266 4666 verbis
1291 4599 1496 4664 conicederatio
1515 4599 1543 4654 et

375 4712 534 4773 mansueto
547 4716 691 4774 terrarum
704 4713 953 4774 haereditariarum
969 4711 1091 4774 casaris
1107 4727 1171 4772 cum
1191 4711 1313 4786 imperio
1328 4714 1381 4770 ιιι.
1396 4715 1540 4781 prepone-

377 4815 469 4888 retur,
484 4814 536 4889 ait,
559 4814 615 4875 sibi
627 4815 721 4877 uideri
734 4833 793 4877 non
805 4817 945 4893 absimile,
964 4819 991 4880 si
1012 4819 1076 4894 quis
1095 4816 1236 4896 ruginem
1249 4815 1380 4878 viciatam
1395 4809 1541 4885 aiicuipro
