3700 5692
873 757 914 822 51

311 939 381 1013 goiii
395 945 427 998 et
439 939 511 1014 ipsis
526 937 706 998 adherentes
722 935 893 1011 defenduut,
910 953 975 1011 quae
990 925 1105 1014 semper
1118 936 1217 1014 inerit,
1234 945 1279 1003 est
1293 947 1323 1000 et
1336 939 1435 1000 futura
1450 943 1487 999 sit

306 1045 476 1119 iustissima,
493 1048 523 1104 et
537 1061 600 1104 eam
615 1061 678 1104 esse
692 1044 788 1118 talem,
805 1045 851 1102 oui
865 1060 948 1103 nemo
963 1046 1100 1104 resistere
1114 1048 1213 1120 possit.
1237 1046 1299 1106 Nec
1314 1047 1392 1122 quod
1405 1047 1487 1107 nobis

310 1150 427 1209 adversi
442 1151 590 1224 quippiam
604 1150 652 1208 hic
664 1149 812 1224 angusta,
828 1150 935 1224 inquit,
959 1151 1076 1225 accidit,
1097 1167 1191 1212 cause
1206 1157 1313 1212 nostrae
1328 1153 1442 1212 bonitas
1458 1153 1487 1210 in
1543 1209 1545 1218 ,

310 1253 397 1328 eulpa
411 1260 469 1329 cst,
490 1271 576 1328 quam
595 1255 690 1314 adhuc
707 1256 880 1314 sustinemus
897 1263 927 1316 et
946 1257 1147 1316 sustinebimus
1167 1259 1198 1317 in
1217 1263 1396 1332 perpetuum.
1433 1258 1488 1316 Est

311 1350 389 1420 enim
407 1375 496 1420 cansa
513 1377 573 1421 non
592 1362 710 1421 honoris
729 1362 822 1420 nostri
842 1368 872 1421 at
886 1376 1007 1436 operum
1028 1368 1205 1438 nostrorum,
1230 1364 1283 1423 sed
1301 1365 1365 1437 ipsa
1379 1360 1487 1422 domiui

310 1468 429 1540 veritas,
445 1467 576 1526 doctrina
585 1468 758 1526 sinceritatis
773 1472 891 1527 etreeta
903 1475 1147 1529 sacramentorum
1163 1469 1381 1530 administratio.
1401 1467 1487 1526 Boni·

310 1577 401 1631 tatem
416 1588 519 1646 canam,
535 1574 637 1646 inquit,
654 1572 800 1648 habemns,
817 1589 947 1649 cavero,
963 1591 1027 1649 quae
1041 1581 1108 1636 sunt
1122 1580 1229 1651 praeter
1243 1576 1394 1636 veritatem
1404 1591 1487 1634 evan·

311 1679 379 1752 getii
394 1678 484 1737 divini
498 1678 620 1738 nominis
634 1678 772 1739 honorem
787 1685 817 1738 et
831 1695 889 1737 non
904 1677 1014 1740 faciunt
1027 1681 1066 1741 ad
1081 1680 1203 1740 salutem
1218 1686 1356 1742 nostram.
1386 1680 1489 1756 Apage

310 1784 371 1843 sint
384 1790 416 1843 et
429 1785 546 1844 valeant
559 1782 590 1842 iu
604 1781 709 1842 malam
724 1799 846 1843 erucem.
876 1784 908 1844 Si
921 1801 991 1846 vero
1005 1787 1088 1846 nobis
1104 1801 1161 1845 non
1176 1787 1271 1847 omnia
1285 1803 1323 1846 ex
1335 1787 1411 1847 votis
1426 1802 1486 1845 ces·

311 1895 414 1948 serunt
428 1895 458 1950 et
471 1889 610 1948 nonnulla
624 1889 722 1962 inique
737 1890 868 1963 perpessi
882 1905 993 1966 sumus,
1009 1889 1040 1949 id
1055 1907 1114 1950 uon
1129 1894 1244 1966 optimae
1260 1898 1367 1952 nostrae
1382 1899 1485 1965 causa,

310 1994 364 2054 sed
378 1993 456 2068 quod
472 2010 524 2053 nos
537 1997 568 2053 in
582 1995 636 2053 hac
646 1995 683 2052 'ra
698 2009 756 2053 non
770 2001 803 2054 ut
817 1995 913 2055 decuit
928 1997 1101 2070 gesserimus
1118 2002 1148 2056 ct
1161 1997 1364 2070 ingratitudini
1378 2002 1487 2056 nostrae

311 2113 347 2157 ae
360 2098 436 2158 male
449 2105 522 2158 aeta
536 2100 784 2174 impoenitentique
798 2102 866 2159 vita
881 2089 989 2159 nesure
1003 2109 1151 2177 acceptum
1166 2100 1300 2162 ieramus.
1337 2101 1427 2176 Nam,
1444 2101 1486 2160 in·

311 2200 388 2278 quit,
409 2205 488 2279 apud
506 2221 559 2264 nos
574 2205 757 2279 Augustanos
771 2222 854 2267 nemo
868 2207 915 2267 vel
930 2207 1044 2267 obolum
1059 2222 1112 2280 pro
1127 2206 1374 2266 administratione
1389 2223 1485 2265 sacra·

311 2314 473 2369 mentorum
487 2305 557 2370 dare
572 2327 644 2386 opus
658 2311 769 2384 habuit,
794 2316 823 2370 ot
836 2317 934 2371 tamen
949 2312 1021 2372 adeo
1036 2311 1119 2372 nobis
1134 2315 1283 2373 conciones
1299 2323 1399 2383 sacre,
1422 2312 1487 2386 ipsa

310 2417 397 2474 simul
411 2421 442 2475 et
455 2422 634 2477 sacramenta
648 2417 735 2478 taedio
745 2414 872 2492 luerunt,
888 2422 922 2475 ut
933 2418 1091 2477 abominari
1107 2435 1142 2478 ea
1154 2417 1325 2477 videremur.
1348 2417 1428 2487 Hac,
1444 2417 1487 2476 iu·

312 2537 409 2595 quam,
420 2527 450 2580 ct
458 2522 563 2581 similia
571 2523 654 2582 nobis
662 2522 802 2582 malorum
810 2539 898 2582 causa
905 2521 1030 2597 fuerumt,
1040 2539 1099 2582 nou
1108 2522 1327 2596 quarngerimns
1337 2538 1423 2582 causa
1430 2526 1485 2580 etc.

310 2626 440 2700 Repetiit
454 2631 484 2686 et
497 2627 560 2686 hoc.
585 2625 698 2687 Christo
709 2644 768 2686 uon
780 2630 851 2687 satis
860 2627 958 2702 fuisse,
975 2628 1053 2703 quod
1064 2627 1180 2702 diceret,
1200 2627 1286 2687 »Nou
1296 2627 1428 2686 turbetur
1436 2642 1487 2684 cor

310 2736 472 2806 vestrum«,
489 2733 571 2807 quin,
591 2732 712 2806 »Neque
726 2731 892 2808 formidet«,
908 2735 1056 2808 adjiceret.
1079 2734 1171 2793 Jussit
1185 2734 1273 2807 igitur
1287 2738 1321 2792 ut
1333 2722 1365 2790 ‘in
1380 2731 1488 2807 optima

310 2852 401 2897 causa
414 2838 524 2920 animos
538 2841 654 2897 nostros
665 2853 723 2898 non
732 2838 975 2914 desponderemus
990 2853 1025 2898 ac
1033 2855 1146 2914 semper
1159 2855 1211 2900 nos
1225 2855 1262 2898 ex
1275 2837 1372 2899 verbis
1382 2837 1488 2897 Christi

310 2942 527 3002 consolaremur
542 2948 572 3002 et
586 2944 776 3018 erigeremus,
799 2946 909 3004 etiamsi
924 2947 1137 3020 potentissimos
1153 2945 1231 3005 orbis
1246 2961 1338 3004 causae
1353 2944 1488 3003 resistere

311 3064 472 3107 cernamus.
507 3048 648 3124 Fuerunt,
664 3051 765 3123 inquit,
784 3051 908 3124 apostoli
921 3052 1089 3126 piscatores,
1106 3050 1213 3125 idiotae,
1229 3049 1358 3110 homines
1373 3049 1487 3123 abjecti,

310 3169 413 3215 verum
426 3160 487 3213 tam
499 3171 604 3230 magua
618 3156 746 3230 aggressi
761 3160 828 3213 sunt
841 3153 1018 3215 confidentes
1033 3161 1063 3216 ot
1078 3159 1222 3230 erigentes
1237 3172 1268 3216 se
1283 3155 1387 3231 spiritu
1403 3170 1421 3212 a
1438 3154 1489 3213 do·

310 3262 390 3320 mino
404 3259 462 3319 illis
476 3260 508 3318 in
521 3260 575 3319 hoc
590 3260 658 3320 dato
673 3264 703 3320 et
716 3258 916 3320 recordatione
934 3262 1084 3321 verborum
1101 3260 1216 3320 Christi.
1239 3261 1320 3320 Nihil
1334 3262 1422 3333 igitur
1436 3275 1488 3318 ros

310 3364 503 3440 offendimini,
522 3368 547 3423 si
562 3381 613 3424 nos
629 3364 704 3425 forte
720 3365 944 3426 succumbamus.
982 3366 1079 3425 Macte
1093 3367 1200 3426 virtute
1215 3371 1245 3423 et
1258 3365 1347 3424 animi
1361 3366 1416 3422 viri
1430 3363 1489 3423 ior·

310 3458 357 3530 te's
377 3475 484 3545 estote,
507 3487 560 3529 neo
579 3471 704 3530 animum
722 3471 871 3544 abjiciatis.
911 3471 1012 3530 Nostis
1032 3473 1107 3530 enim
1128 3469 1264 3545 quidnam
1287 3476 1316 3529 et
1330 3469 1436 3528 ethnici
1452 3469 1487 3527 de

312 3575 390 3636 bono
404 3576 467 3636 viro
484 3575 589 3636 dicant.
613 3577 697 3650 Quod
706 3594 725 3636 a
734 3581 815 3635 recto
830 3576 976 3636 discedere
988 3595 1047 3638 non
1062 3577 1174 3650 debeat,
1190 3577 1297 3649 dixere,
1313 3575 1412 3634 mundi
1427 3591 1489 3634 ore·

311 3687 384 3756 pent
397 3681 466 3741 licet
480 3683 572 3741 ruinae
587 3687 617 3741 et
629 3681 738 3742 fractus
752 3682 888 3742 illabatur
906 3683 985 3743 orbis
1000 3690 1054 3743 eto.
1092 3683 1165 3742 Item
1180 3681 1324 3755 coarguit,
1346 3680 1422 3753 quod
1436 3681 1492 3744 im·.

310 3786 516 3847 misericordes
534 3790 639 3863 passim
660 3805 731 3863 erga
752 3788 937 3863 perturbatos
958 3795 988 3849 et
1002 3787 1123 3849 afflictos
1146 3789 1233 3847 simus
1253 3788 1295 3846 it'a
1313 3793 1346 3845 ut
1365 3783 1487 3845 afflictos

311 3898 518 3965 praetereamus
532 3911 591 3954 uon
604 3894 694 3952 solnm
711 3910 770 3953 uon
784 3895 975 3969 consolantes,
992 3896 1171 3969 sedinsupcr
1183 3910 1232 3954 eos
1241 3898 1293 3952 aut
1307 3890 1488 3952 derideamus

311 4004 365 4058 aut
378 4013 441 4073 prae
456 3999 592 4071 superbia
603 4003 825 4059 contemnamus.
848 4000 932 4072 Quod
946 4005 975 4059 et
982 3999 1079 4061 David
1089 4002 1120 4059 in
1133 4013 1257 4073 persona
1266 3997 1372 4058 Christi
1386 3997 1486 4072 psalm.

314 4107 356 4162 22
372 4103 557 4177 conqueritur
572 4103 649 4181 (lege
663 4108 755 4164 totum
769 4103 932 4180 psalmum).
956 4106 1049 4165 Jussit
1065 4108 1153 4178 igitur
1167 4106 1344 4178 archetypou
1359 4098 1488 4164 uosmom

258 4222 264 4230 ·
313 4206 461 4268 Christum
474 4209 595 4283 imitari,
618 4211 738 4269 miseros
760 4209 848 4270 verbo
862 4211 971 4272 domini
991 4213 1159 4287 sustentari,
1182 4211 1230 4270 hic
1244 4212 1320 4270 enim
1335 4209 1489 4281 discipulos

313 4331 456 4390 nusquam
474 4316 666 4375 inconsolatos
680 4317 805 4389 reliquit.
843 4316 909 4376 Duo
928 4318 1025 4390 itaque
1048 4318 1109 4376 baec
1123 4333 1176 4377 nos
1191 4315 1324 4389 amplecti
1343 4312 1489 4385 precipie-

313 4418 378 4495 bat,
402 4424 436 4478 ut
454 4419 562 4486 seilicet
580 4421 669 4481 verbo
693 4421 800 4480 domini
821 4422 977 4482 innitamur
996 4439 1031 4482 ao
1050 4439 1103 4482 uos
1123 4423 1202 4497 ipsos
1217 4436 1275 4478 una
1290 4434 1324 4478 ao
1338 4415 1443 4477 fratres
1458 4419 1488 4476 in

315 4523 518 4585 afflictionibus
537 4527 656 4586 invicem
675 4527 771 4587 verbis
794 4528 900 4587 domini
920 4533 950 4587 et
969 4527 1168 4587 recordatione
1187 4524 1406 4602 promissionum
1426 4524 1488 4596 ejm

315 4631 449 4705 solemur,
466 4647 501 4691 ac
513 4630 608 4692 Deum
631 4641 757 4707 oremus,
780 4640 812 4693 ut
826 4635 958 4708 spiritum
973 4649 1054 4693 soum
1068 4633 1174 4693 bonum
1188 4633 1293 4707 mittat,
1315 4631 1366 4706 qui
1385 4635 1438 4690 nos
1458 4631 1488 4688 in

315 4738 404 4798 verbo
423 4738 592 4799 corroboret
611 4743 641 4798 et
664 4736 771 4797 domini
790 4737 931 4799 voluntati
952 4739 1149 4814 obtemperare
1173 4737 1284 4799 doceat.
1323 4737 1390 4796 Fiat
1404 4736 1446 4800 ita
1460 4740 1490 4794 et

316 4841 418 4903 Aaron.
784 4822 787 4827 Α

1229 4952 1249 5007 4
1259 4945 1275 4982 ¹0¹
