3700 5692
878 668 941 737 231

413 855 442 915 A
456 870 540 915 coena
553 855 653 915 Jostus
669 852 758 929 Sophi
777 870 796 914 a
810 852 950 913 Wimaria
968 868 1101 913 reversus
1121 854 1204 915 nobis
1225 856 1331 929 scripta
1346 855 1402 915 duo
1418 856 1496 915 exbi-

325 962 396 1037 buit,
412 978 501 1021 unum
515 962 642 1036 Philippi
654 959 850 1021 Melanthonis
864 976 952 1033 snper
966 961 1094 1037 interim,
1110 962 1231 1022 alterum
1241 961 1375 1036 (iasparis
1384 962 1497 1037 Aquila

317 1068 487 1145 paroehiin
502 1068 642 1142 Salreldt,
666 1070 747 1143 cujus
766 1067 833 1128 libri
856 1072 1054 1141 argumentum
1077 1074 1136 1143 est,
1161 1068 1239 1143 quod
1262 1067 1437 1128 confitendus
1460 1070 1499 1128 sit

325 1174 458 1233 Obristus
472 1178 575 1233 contra
589 1172 698 1234 diaboli
711 1173 862 1246 tenebras,
878 1172 1015 1231 mundum
1037 1176 1067 1231 et
1081 1173 1203 1233 interim.
1241 1174 1281 1233 Et
1302 1174 1363 1233 haec
1378 1174 1438 1234 dies
1454 1179 1498 1235 est

324 1296 413 1353 noua,
429 1278 508 1351 quod
521 1279 606 1339 auide
620 1285 651 1338 et
665 1279 750 1338 anxio
764 1276 826 1338 fere
841 1279 935 1337 animo
951 1278 1082 1337 nuntium
1097 1295 1113 1338 e
1128 1282 1223 1353 patria
1238 1285 1428 1353 expectamus.

413 1384 495 1444 Idem
508 1383 608 1443 Jostus
623 1384 703 1459 dixit,
720 1399 834 1443 socrum
848 1398 884 1443 aa
898 1388 983 1443 nocte
997 1400 1054 1444 non
1070 1385 1284 1459 expectandam.

415 1487 540 1548 Gotbart
554 1489 589 1562 Q.
599 1489 658 1549 *der
670 1490 738 1549 bart
751 1489 799 1549 bei
811 1487 884 1549 ¹(iott
898 1488 1024 1548 annhelt.

413 1595 454 1669 rr
469 1594 541 1655 uum
555 1593 609 1653 sun
624 1610 730 1655 nonam
744 1594 998 1655 antemeridianam
1021 1594 1136 1655 uonna
1159 1596 1194 1655 ue
1208 1592 1377 1655 wildenfals
1393 1600 1422 1654 a
1436 1592 1496 1655 rna
1580 1574 1588 1589 “

323 1702 387 1775 ojus
410 1702 580 1775 Margarata
599 1700 712 1775 abiere,
735 1718 807 1775 quas
828 1716 901 1759 uxor
925 1705 955 1759 et
974 1716 1028 1775 ego
1051 1701 1160 1775 aliquot
1183 1701 1283 1762 stadiis
1305 1697 1496 1761 aliudelstad

322 1808 454 1869 comitati
467 1824 572 1867 sumus.
1304 1860 1306 1871 ,

412 1912 525 1974 Eadem
547 1928 611 1972 curn
630 1914 692 1988 iam
716 1930 734 1972 a
759 1912 842 1972 nobis
865 1913 1033 1985 conscriptae
1062 1912 1154 1971 literae
1182 1919 1277 1973 essent
1301 1920 1331 1974 et
1349 1914 1495 1975 Adrianus

323 2024 426 2080 noster
447 2019 487 2079 ad
507 2019 564 2078 iter
586 2036 617 2079 se
638 2021 748 2094 accingi
765 2019 930 2094 juberetur,
957 2017 1009 2077 sub
1030 2016 1184 2093 prandium
1203 2019 1253 2092 qui
1273 2036 1360 2093 equos
1381 2022 1497 2095 quadri·

323 2140 427 2200 garum
449 2124 624 2185 adducerent
644 2125 798 2186 veniebant
821 2125 903 2185 nobis
917 2124 1029 2183 litteras
1046 2125 1081 2184 de
1097 2130 1174 2185 statu
1188 2124 1336 2197 religionis
1354 2120 1365 2159 ¹
1388 2130 1495 2185 nostrae

323 2229 497 2291 deferentes.
518 2229 734 2306 apportarunt
749 2236 779 2291 et
792 2228 924 2293 fornaces
944 2228 1054 2290 ferreos
1070 2246 1134 2303 sex,
1158 2244 1279 2301 quorum
1295 2229 1352 2289 dno
1367 2230 1494 2290 loannes
1566 2300 1571 2309 Ι

323 2336 496 2397 Wilhelrnus
510 2336 606 2397 Fuohs
621 2338 744 2399 alterum
763 2336 854 2411 dono,
877 2337 1001 2396 alterum
1020 2353 1073 2411 pro
1096 2338 1138 2394 24
1160 2336 1279 2395 thaleris
1292 2340 1424 2411 'emptum
1446 2353 1493 2395 ao-

323 2443 409 2519 cepit.
435 2444 565 2516 Quatuor
579 2443 683 2517 reliqui
697 2443 794 2503 soorui
802 2441 878 2502 dono
888 2457 995 2502 venere
1009 2441 1119 2515 majore
1133 2439 1234 2501 fenora
1249 2444 1394 2515 compensi
1410 2459 1495 2516 quarn

322 2564 444 2623 usquam
458 2550 544 2610 rendi
559 2554 684 2623 possent.
899 2630 902 2634 Α
1377 2588 1379 2594 ,

413 2654 485 2714 Post
497 2655 612 2715 tertiam
633 2654 859 2729 pomeridianam
878 2653 994 2714 domina
1017 2669 1117 2714 socrus
1132 2655 1266 2715 comitata
1280 2671 1298 2714 a
1312 2652 1424 2715 filiabus
1438 2655 1495 2715 Ae·

323 2760 403 2819 milia
418 2767 448 2820 et
460 2761 547 2820 Anna
560 2761 656 2822 Maria
671 2765 701 2819 et
715 2758 806 2820 fratre
820 2775 872 2820 suo
893 2776 1030 2835 germano
1047 2759 1170 2835 Georgio
1185 2761 1310 2819 Ernesto
1326 2761 1362 2821 ab
1377 2760 1494 2821 Henne-

320 2864 397 2940 .berg
410 2881 464 2924 nec
478 2882 537 2925 non
557 2864 673 2927 doctore
687 2864 846 2927 Melchiore
865 2867 902 2928 ab
924 2866 997 2927 Ossa
1017 2871 1046 2927 et
1066 2867 1189 2941 conjuge
1211 2884 1263 2926 sua
1277 2866 1495 2927 liudelstadium

321 2987 441 3031 reversa
460 2975 514 3031 est.
553 2969 667 3031 Gallum
681 2977 778 3031 autern
792 2972 948 3031 Peritaeam
962 2974 1102 3046 praemisit
1124 2990 1181 3047 quo
1196 2988 1249 3033 nos
1269 2988 1367 3031 aarum
1386 2988 1493 3047 rerum,

322 3093 388 3151 quae
402 3075 548 3137 Wimariae
562 3080 716 3137 umecta
730 3082 824 3153 erant,
839 3079 977 3137 certiores
992 3080 1105 3140 reddat.

412 3183 573 3244 Paullulum
581 3188 649 3242 ante
659 3187 792 3256 quartam
801 3182 920 3242 suborta
935 3186 980 3243 est
989 3184 1120 3255 quaedam
1132 3188 1287 3257 tempestas
1298 3184 1383 3243 caecis
1397 3186 1493 3257 vento,

320 3289 464 3365 grandine
480 3293 510 3348 et
521 3289 622 3365 pluvia
636 3304 700 3349 curn
715 3289 793 3349 socio
814 3304 866 3347 suo
889 3291 959 3347 noto
975 3287 1128 3359 saeviente,
1158 3287 1385 3349 interboantibus
1399 3288 1492 3347 horri-

322 3396 374 3457 bili
389 3396 486 3458 sonitu
499 3397 648 3471 tonitruis,
672 3398 722 3471 qui
736 3396 844 3471 passim
859 3395 955 3454 vineta
970 3399 999 3453 et
1012 3392 1153 3455 hordeum
1166 3392 1254 3467 laesit,
1276 3392 1326 3453 sed
1341 3394 1383 3451 ita
1398 3398 1494 3451 tamen

322 3508 355 3563 ut
374 3502 570 3576 benignissimi
589 3502 681 3575 patris
702 3502 794 3561 nostri
815 3500 942 3561 coelestis
963 3499 1143 3560 comminatio
1165 3499 1260 3572 potius
1283 3502 1313 3555 et
1327 3496 1492 3571 admonitio,

321 3624 408 3683 quam
430 3607 589 3682 indignatio
608 3609 660 3667 irae
680 3607 894 3679 ostenderetur,
919 3605 970 3679 qui
990 3622 1043 3665 nos
1063 3621 1122 3665 non
1142 3604 1233 3664 solum
1255 3598 1381 3662 salvifico
1404 3600 1493 3661 verbo

320 3730 374 3775 suo
389 3712 440 3773 sed
455 3719 485 3774 et
497 3717 641 3773 mutorum
655 3712 860 3772 elementorum
874 3712 1032 3771 mutatione
1048 3715 1213 3770 commovet.

409 3818 438 3877 A
452 3834 535 3878 coena
556 3818 657 3877 doctor
676 3817 817 3877 Melchior
837 3817 873 3878 de
889 3816 963 3877 Ossa
984 3821 1014 3875 et
1028 3816 1183 3877 Wolradus
1204 3815 1240 3876 de
1254 3814 1341 3876 rebus
1355 3811 1492 3889 Augustae

320 3926 394 3985 actis
408 3930 439 3985 et
453 3924 489 3984 de
504 3941 591 3985 causa
604 3922 671 3982 filiae
687 3939 747 3982 sua
761 3914 883 3983 inuicem
897 3921 1171 3983 sermocinabantur.

410 4029 553 4090 Volabant
575 4030 690 4104 quidem
713 4030 847 4106 princeps
873 4034 904 4089 ct
923 4044 1017 4090 comes
1043 4029 1249 4104 aHanneberg
1268 4026 1408 4102 Georgius
1437 4024 1492 4083 Er·

321 4141 420 4197 nestus
435 4140 466 4197 et
484 4136 584 4196 doctor
599 4136 740 4197 Melchior
755 4137 878 4211 quadam
892 4137 1068 4197 authoritate
1083 4154 1117 4197 ao
1132 4136 1273 4213 gravitate
1288 4151 1336 4209 ea,
1353 4146 1417 4207 quae
1432 4129 1493 4189 Wi-

320 4242 419 4305 matiae
433 4245 579 4301 transacta
594 4248 685 4317 erant,
701 4243 784 4305 nobis
795 4260 967 4319 proponere,
983 4244 1035 4304 sed
1051 4244 1166 4305 domina
1177 4258 1276 4303 socrus
1289 4240 1359 4299 mihi
1373 4235 1493 4296 seorsim

320 4349 435 4437 singula
447 4347 576 4407 indicare
594 4349 703 4408 maluit.

408 4453 459 4527 xiij
474 4453 545 4513 Julii
560 4454 674 4514 circiter
689 4458 800 4513 sextam
818 4471 903 4516 mane
917 4472 1016 4517 socrus
1036 4471 1088 4515 nos
1107 4456 1191 4515 adse
1206 4454 1319 4514 vocavit
1338 4458 1367 4513 et
1381 4453 1431 4526 qui
1446 4464 1493 4509 res

321 4559 469 4621 Wimarioe
482 4565 608 4637 peractae
625 4565 734 4636 emant,
751 4560 852 4623 ordine
866 4561 1010 4639 exposuit,
1027 4560 1167 4621 exbibens
1179 4560 1262 4621 nobis
1277 4566 1307 4621 et
1320 4560 1443 4633 litteras,
1460 4564 1494 4633 nt

899 4699 916 4735 cg

399 4785 411 4833 1
431 4782 567 4851 regionis?
