3700 5692
934 711 997 779 160

377 900 491 959 vocavit
512 912 562 957 cos
582 901 611 955 at
627 892 795 970 justificavit
809 901 863 955 etc.
901 896 959 955 Sed
979 896 1021 955 ait
1034 896 1200 969 Masculus,
1225 898 1275 969 qui
1290 897 1383 956 loenrn
1397 896 1475 955 hunc
1489 901 1552 957 τῶν

379 1003 476 1089 ῥητῶν
492 1004 622 1075 respicit,
645 1000 729 1060 facile
748 1001 897 1074 intelligit,
918 1002 966 1060 hie
981 1000 1125 1059 Christum
1148 1000 1183 1059 dc
1203 1001 1340 1074 peculiari
1355 1002 1509 1059 vocatione
1524 1004 1554 1057 et

378 1109 517 1167 electione
532 1107 727 1180 apostolorum
742 1107 835 1179 loqui,
860 1122 933 1178 quos
947 1106 978 1163 in
992 1104 1048 1163 hoc
1063 1106 1151 1177 elegit
1165 1111 1195 1163 ct
1209 1105 1366 1179 constituit,
1381 1111 1415 1163 ut
1429 1120 1553 1177 evange-

377 1214 447 1273 lium
461 1213 680 1286 annunciarent,
696 1212 774 1283 qnod
789 1217 818 1270 et
831 1211 977 1269 indicatur
992 1210 1080 1268 verbo
1096 1210 1178 1269 eatis.
1210 1208 1365 1283 Apostolus
1381 1210 1461 1267 enim
1474 1210 1553 1283 lega-
1591 1192 1593 1195 ⁸

378 1324 425 1376 tus
439 1320 500 1377 sive
515 1319 637 1374 nuncius
652 1315 765 1375 dicitur.
801 1316 840 1374 Et
854 1316 901 1374 hic
915 1330 1016 1373 rursus
1032 1310 1240 1373 consideranda
1259 1320 1302 1373 est
1317 1309 1433 1373 bonitas
1449 1315 1554 1371 snmmi

379 1429 410 1496 et
422 1421 538 1482 maximi
551 1422 622 1494 Dei,
644 1423 693 1493 qni
707 1422 854 1493 apostolos
876 1420 949 1478 nihil
971 1419 1030 1477 tale
1045 1416 1227 1493 fflecmntes,
1250 1418 1323 1477 nihil
1338 1422 1502 1491 quarentes
1517 1417 1555 1476 dc

379 1530 507 1600 gratuita
527 1542 579 1584 sua
598 1526 795 1583 misericordia
814 1525 852 1583 ad
874 1526 930 1584 boc
950 1524 1074 1583 muneris
1098 1527 1128 1581 et
1142 1528 1253 1585 tantam
1268 1522 1439 1597 dignitatem
1455 1523 1552 1595 elegit.

378 1630 508 1689 Ulterius
522 1633 617 1689 autem
624 1629 773 1687 Muscnlus
789 1630 933 1688 dominam
948 1628 995 1685 hic
1009 1628 1089 1701 loqui
1104 1628 1139 1687 de
1156 1629 1295 1687 electione
1311 1640 1421 1701 eorum,
1438 1628 1475 1686 de
1491 1630 1554 1699 qui-

378 1735 432 1793 bus
440 1735 549 1793 Paulas
564 1732 808 1804 dicit»Qu0sdam
823 1738 919 1793 autam
933 1732 1088 1806 apostolos,
1100 1733 1241 1804 quosdam
1256 1734 1470 1806 evangelistes«
1487 1736 1553 1804 etc,

380 1838 428 1910 qni
443 1842 562 1897 vocante
577 1843 607 1896 et
620 1843 743 1911 urgente
765 1837 818 1896 deo
839 1838 909 1909 ipsis
931 1837 1034 1907 invitis⁴
1048 1837 1228 1909 evangelium
1252 1838 1429 1897 annunciare
1449 1850 1555 1899 vocan-

379 1948 439 2001 tur.
462 1943 537 2016 Non,
553 1943 655 2016 inquit,
671 1944 720 2015 qui
735 1947 853 2015 accepta
866 1943 989 2016 pecunia
1003 1948 1156 1999 accurrunt
1170 1957 1205 1999 ac
1218 1959 1319 2001 manus
1334 1947 1483 2015 unguento
1499 1958 1553 1999 un·
1649 1929 1650 1933 ’

380 2052 496 2120 guntur,
511 2052 545 2105 ut
558 2047 632 2105 benc
647 2049 686 2105 sit
699 2049 793 2105 venui
802 2052 856 2105 etc.
874 2046 911 2104 de
926 2045 1030 2118 quibus
1044 2045 1186 2118 propheta
1200 2046 1255 2103 ait:
1272 2045 1435 2105 Cmuebant
1450 2050 1480 2103 et
1495 2060 1554 2103 non

382 2152 535 2211 mittebant
549 2168 608 2211 eos.
632 2150 684 2209 Ait
697 2154 766 2212 item
780 2150 855 2209 hane
870 2151 1039 2209 electionem
1060 2150 1146 2209 etiam
1166 2149 1205 2209 ad
1219 2165 1271 2209 nos
1288 2156 1399 2209 ceteros
1413 2148 1556 2225 applicari

380 2272 479 2331 posse,
500 2272 564 2315 cum
579 2256 649 2314 deus
671 2273 725 2314 nos
746 2261 900 2327 antequam
923 2257 1011 2314 etiam
1034 2255 1250 2328 exponamus,
1275 2260 1431 2327 antequam
1447 2255 1483 2313 de
1498 2254 1555 2311 boe

380 2362 606 2435 cogitaverimus,
624 2361 659 2419 de
668 2376 809 2419 merasua
820 2360 949 2419 bonitate
960 2363 990 2418 et
1005 2361 1091 2417 etiam
1105 2364 1277 2433 anteaquam
1292 2359 1354 2419 nati
1368 2375 1507 2435 essemus„
1522 2360 1572 2423 in,

382 2465 495 2525 Christo
511 2466 641 2539 elegerit.
663 2465 779 2524 lustum
793 2465 881 2538 igitur
896 2469 926 2522 et
940 2480 1055 2536 aequum
1070 2480 1146 2539 esse,
1169 2470 1204 2522 nt
1216 2466 1272 2537 ipsi
1286 2464 1316 2521 in
1330 2468 1408 2522 omni
1423 2466 1488 2524 loco
1504 2464 1554 2523 do

380 2571 545 2628 minationis
565 2585 625 2627 sna
647 2571 757 2642 gratias
776 2569 813 2627 de
833 2570 922 2627 tantis
942 2567 1088 2629 beneficiis
1109 2585 1240 2643 agamus,
1260 2574 1293 2627 ut
1315 2584 1486 2629 consensum
1501 2586 1552 2628 no-

379 2678 470 2731 strum
492 2675 523 2731 in
543 2672 724 2731 dilectionem
744 2680 774 2731 et
787 2673 999 2731 observantiam
1014 2672 1119 2732 Christi
1142 2678 1353 2747 preceptorum
1367 2674 1478 2749 demus,
1502 2673 1552 2733 ad·

380 2776 486 2835 ducens
499 2777 554 2835 huc
570 2794 607 2837 ex
627 2775 844 2837 deuteronomio
857 2778 961 2836 Mosen
986 2783 1195 2849 contestantem
1210 2780 1359 2854 populum:
1384 2780 1488 2839 Testes
1502 2793 1553 2837 vos

380 2882 437 2954 ipsi
449 2882 537 2948 hodie
552 2883 629 2955 estis,
646 2881 723 2954 quod
738 2882 884 2954 elegeritis
900 2882 1047 2941 dominum
1062 2888 1116 2944 otc.
1152 2883 1199 2943 Sic
1215 2889 1245 2941 et
1259 2896 1312 2943 nos
1327 2900 1480 2943 monemur
1495 2899 1553 2941 me·

380 2986 509 3057 minisse,
529 3001 581 3043 nos
596 3000 764 3043 consensum
783 2988 814 3044 in
834 2987 1016 3048 dilectionem
1031 2988 1138 3046 domini
1153 2987 1268 3064 ¹dedisse
1283 3004 1378 3060 neque
1393 3005 1522 3061 unquam
1536 3004 1554 3047 a

381 3089 494 3148 domino
510 3090 564 3149 deo
579 3094 677 3147 nostro
692 3106 746 3148 nos
761 3091 903 3165 repedare
920 3094 1025 3153 debere
1040 3098 1095 3151 ete.
1111 3096 1143 3151 ut
1157 3090 1258 3151 ieratis
1273 3090 1398 3152 fructum
1413 3098 1470 3153 etc.
1491 3093 1554 3161 Hoc

381 3199 426 3254 est
438 3211 540 3253 munus
556 3194 742 3267 apostolicum
757 3202 790 3255 ut
804 3197 891 3256 verbo
906 3198 1043 3272 populum
1065 3197 1104 3263 ad
1120 3196 1265 3255 Christum
1288 3197 1417 3258 alliciant
1433 3203 1463 3256 et
1477 3194 1552 3255 fruc·

380 3306 428 3359 tus
442 3316 562 3375 operum
580 3301 730 3360 charitatis
749 3301 779 3358 in
802 3301 986 3361 observantia
1003 3306 1213 3375 praeceptorum
1235 3300 1496 3376 christianornm,
1519 3318 1554 3361 ne

380 3404 513 3463 laborent
525 3406 556 3461 in
570 3420 675 3463 vanum
690 3405 743 3463 etc.
782 3406 838 3463 Hic
859 3404 956 3464 multi‘s
971 3406 1106 3477 ostendit,
1131 3405 1273 3478 quomodo
1288 3403 1399 3465 fraenis
1413 3408 1552 3480 apostoli·

382 3525 423 3567 coe
439 3508 577 3568 doctrinae
592 3526 611 3568 a
624 3515 751 3581 tempore
773 3509 987 3581 praedicationis
1010 3508 1119 3567 Christi
1137 3525 1228 3582 usque
1247 3512 1278 3567 in
1291 3510 1465 3569 hodiernum
1480 3512 1554 3570 diem

382 3614 436 3672 snb
449 3617 494 3673 tot
506 3614 768 3687 persecutionibus,
792 3614 868 3671 inter
883 3617 928 3672 tot
942 3614 1123 3687 tyrannides,
1139 3613 1337 3674 tribadationes
1352 3632 1387 3673 ac
1400 3616 1553 3679 haeretico·

382 3736 446 3777 rum
462 3734 575 3777 errores
590 3719 807 3789 permanserint.
846 3719 921 3778 Nam
936 3718 1018 3791 licet,
1034 3719 1142 3793 inquit,
1159 3721 1296 3794 ecclesiae,
1312 3720 1416 3793 quibus
1431 3722 1555 3794 apostoli
1659 3750 1660 3755 κ

382 3824 502 3882 verbum
520 3823 780 3895 annunciaverunt,
805 3822 845 3882 ad
862 3838 935 3894 quos
950 3823 1072 3897 Paulus,
1092 3824 1211 3899 Petrus,
1233 3826 1359 3885 lacobus
1382 3830 1413 3885 et
1426 3826 1554 3889 Joanncs
1659 3830 1660 3851 ¹

383 3931 437 3985 etc.
453 3926 591 4005 epistolas
606 3926 792 4001 scripserunt,
808 3926 859 3985 ubi
874 3931 950 4000 sunt,
967 3927 1095 3999 nunquid
1110 3943 1168 3986 non
1183 3930 1235 3989 sub
1249 3930 1439 3989 mahometico
1454 3946 1553 4005 regno,

384 4034 414 4090 et
426 4035 523 4088 umen
538 4030 617 4095 inter,
627 4034 672 4087 tot
686 4047 783 4089 rerum
796 4031 1003 4091 vicissitudines
1024 4031 1133 4093 fructus
1156 4035 1328 4106 apostolicus
1342 4035 1440 4111 adhuc
1455 4051 1553 4109 super-

384 4138 437 4193 est.
460 4133 501 4191 Et
514 4132 636 4204 apostoli
651 4132 730 4205 quod
748 4135 779 4192 in
798 4137 919 4195 ecclesia
932 4137 1023 4196 Israel
1044 4154 1116 4211 agro
1132 4138 1239 4199 domini
1253 4140 1424 4212 patriarchae
1441 4145 1473 4199 et
1486 4156 1553 4215 pro·

382 4240 477 4313 phetae
496 4237 674 4298 seminarunt
692 4238 723 4296 in
742 4239 830 4297 verbo
850 4241 971 4315 domini,
999 4243 1067 4302 licet
1093 4242 1216 4317 populus
1235 4244 1373 4305 luduicus
1397 4244 1555 4318 prophetas

383 4343 528 4416 persecuti
546 4343 618 4416 sint,
638 4342 796 4402 occiderint
815 4350 846 4403 et
867 4360 965 4403 eorum
986 4348 1104 4407 nomina
1122 4347 1220 4407 delere
1235 4348 1331 4409 conati
1344 4349 1416 4421 sint,
1433 4364 1555 4409 messem

382 4445 514 4505 fecerunt
535 4450 565 4505 et
585 4446 617 4504 in
630 4446 887 4508 horreumdomini
899 4456 1094 4525 reportarunt.
1134 4452 1276 4511 Tulerunt
1295 4468 1410 4525 quoque
1430 4452 1555 4527 apostoli

385 4550 637 4610 dominofructum
652 4554 849 4629 exgentibus,
872 4554 908 4615 de
929 4556 1031 4628 quibus
1047 4573 1143 4616 sumus
1158 4572 1225 4630 nos,
1248 4556 1356 4630 inquit,
1380 4556 1495 4615 etianmi
1510 4558 1556 4615 hic

384 4654 635 4728 perpatriarchas
658 4660 689 4715 et
710 4659 865 4731 prophetas
892 4676 951 4721 non
972 4658 1060 4721 fuerit
1083 4662 1252 4721 seminatum
1274 4662 1305 4721 in
1326 4661 1414 4725 verbo
1437 4661 1554 4735 domim,

385 4760 637 4845 apostolicaeque
658 4764 796 4823 emundo
814 4765 920 4827 sublati
939 4770 1021 4839 sunt,
1043 4771 1072 4827 et
1091 4770 1188 4827 mmor
1210 4766 1295 4827 bodie
1309 4766 1471 4841 apostolica
1486 4767 1552 4841 doc
