<?xml version="1.0" encoding="UTF-8"?>
<!DOCTYPE html PUBLIC "-//W3C//DTD XHTML 1.0 Transitional//EN"
    "http://www.w3.org/TR/xhtml1/DTD/xhtml1-transitional.dtd">
<html xmlns="http://www.w3.org/1999/xhtml" xml:lang="en" lang="en">
 <head>
  <title>
</title>
<meta http-equiv="Content-Type" content="text/html;charset=utf-8" />
  <meta name='ocr-system' content='tesseract 3.04.00' />
  <meta name='ocr-capabilities' content='ocr_page ocr_carea ocr_par ocr_line ocrx_word'/>
</head>
<body>
  <div class='ocr_page' id='page_1' title='image "./scherzgedichte01laurgoog_0506.png"; bbox 0 0 3700 5692; ppageno 0'>
   <div class='ocr_carea' id='block_1_1' title="bbox 869 731 933 799">
    <p class='ocr_par' dir='ltr' id='par_1_1' title="bbox 869 731 933 799">
     <span class='ocr_line' id='line_1_1' title="bbox 869 731 933 799; baseline 0.031 -2"><span class='ocrx_word' id='word_1_1' title='bbox 869 731 933 799; x_wconf 75' lang='lat' dir='ltr'><strong>tos</strong></span> 
     </span>
    </p>
   </div>
   <div class='ocr_carea' id='block_1_2' title="bbox 248 913 1553 4915">
    <p class='ocr_par' dir='ltr' id='par_1_2' title="bbox 248 913 1553 3536">
     <span class='ocr_line' id='line_1_2' title="bbox 307 913 1553 996; baseline 0.004 -17"><span class='ocrx_word' id='word_1_2' title='bbox 307 923 370 994; x_wconf 84' lang='lat' dir='ltr'><strong>tur,</strong></span> <span class='ocrx_word' id='word_1_3' title='bbox 396 932 489 994; x_wconf 81' lang='lat' dir='ltr'><strong>quoru</strong></span> <span class='ocrx_word' id='word_1_4' title='bbox 509 931 568 977; x_wconf 88' lang='lat' dir='ltr'><strong>non</strong></span> <span class='ocrx_word' id='word_1_5' title='bbox 587 913 733 979; x_wconf 70' lang='lat' dir='ltr'><strong>consini</strong></span> <span class='ocrx_word' id='word_1_6' title='bbox 762 916 795 978; x_wconf 85' lang='lat' dir='ltr'><strong>Sl</strong></span> <span class='ocrx_word' id='word_1_7' title='bbox 813 920 910 978; x_wconf 85' lang='lat' dir='ltr'><strong>nutsm</strong></span> <span class='ocrx_word' id='word_1_8' title='bbox 931 931 989 977; x_wconf 90' lang='lat' dir='ltr'><strong>non</strong></span> <span class='ocrx_word' id='word_1_9' title='bbox 1010 920 1093 993; x_wconf 83' lang='lat' dir='ltr'><strong>potos</strong></span> <span class='ocrx_word' id='word_1_10' title='bbox 1117 916 1212 979; x_wconf 78' lang='lat' dir='ltr'><strong>adhue</strong></span> <span class='ocrx_word' id='word_1_11' title='bbox 1230 934 1293 996; x_wconf 77' lang='lat' dir='ltr'><strong>pre</strong></span> <span class='ocrx_word' id='word_1_12' title='bbox 1309 918 1483 987; x_wconf 72' lang='lat' dir='ltr'><strong>,infirmitate</strong></span> <span class='ocrx_word' id='word_1_13' title='bbox 1551 930 1553 933; x_wconf 82' lang='grc'><strong><em>·</em></strong></span> 
     </span>
     <span class='ocr_line' id='line_1_3' title="bbox 309 1018 1484 1101; baseline 0.003 -15"><span class='ocrx_word' id='word_1_14' title='bbox 309 1024 386 1099; x_wconf 80' lang='lat' dir='ltr'><strong>tusi,</strong></span> <span class='ocrx_word' id='word_1_15' title='bbox 403 1025 529 1087; x_wconf 86' lang='lat' dir='ltr'><strong>oleribus</strong></span> <span class='ocrx_word' id='word_1_16' title='bbox 544 1039 662 1087; x_wconf 77' lang='lat' dir='ltr'><strong>vescere</strong></span> <span class='ocrx_word' id='word_1_17' title='bbox 682 1027 713 1084; x_wconf 86' lang='lat' dir='ltr'><strong>et</strong></span> <span class='ocrx_word' id='word_1_18' title='bbox 730 1040 767 1084; x_wconf 86' lang='lat' dir='ltr'><strong>ue</strong></span> <span class='ocrx_word' id='word_1_19' title='bbox 785 1024 896 1085; x_wconf 81' lang='lat' dir='ltr'><strong>indicos</strong></span> <span class='ocrx_word' id='word_1_20' title='bbox 917 1040 981 1083; x_wconf 87' lang='lat' dir='ltr'><strong>eum</strong></span> <span class='ocrx_word' id='word_1_21' title='bbox 998 1022 1048 1097; x_wconf 89' lang='lat' dir='ltr'><strong>qui</strong></span> <span class='ocrx_word' id='word_1_22' title='bbox 1063 1018 1176 1084; x_wconf 85' lang='lat' dir='ltr'><strong>Ohristo</strong></span> <span class='ocrx_word' id='word_1_23' title='bbox 1195 1026 1294 1087; x_wconf 83' lang='lat' dir='ltr'>vivens</span> <span class='ocrx_word' id='word_1_24' title='bbox 1309 1026 1484 1101; x_wconf 79' lang='lat' dir='ltr'><strong>quibuslinst</strong></span> 
     </span>
     <span class='ocr_line' id='line_1_4' title="bbox 248 1127 1481 1223; baseline -0.001 -28"><span class='ocrx_word' id='word_1_25' title='bbox 248 1191 251 1196; x_wconf 75' lang='grc'>,</span> <span class='ocrx_word' id='word_1_26' title='bbox 307 1132 443 1193; x_wconf 80' lang='lat' dir='ltr'><strong>vestitur.</strong></span> <span class='ocrx_word' id='word_1_27' title='bbox 470 1129 551 1191; x_wconf 81' lang='lat' dir='ltr'><strong>Nihil</strong></span> <span class='ocrx_word' id='word_1_28' title='bbox 564 1131 641 1190; x_wconf 84' lang='lat' dir='ltr'><strong>enim</strong></span> <span class='ocrx_word' id='word_1_29' title='bbox 655 1129 718 1189; x_wconf 74' lang='lat' dir='ltr'><strong>hmo</strong></span> <span class='ocrx_word' id='word_1_30' title='bbox 732 1129 771 1191; x_wconf 83' lang='lat' dir='ltr'><strong>nd</strong></span> <span class='ocrx_word' id='word_1_31' title='bbox 785 1130 906 1191; x_wconf 78' lang='lat' dir='ltr'><strong>sulutem</strong></span> <span class='ocrx_word' id='word_1_32' title='bbox 920 1127 1038 1190; x_wconf 82' lang='lat' dir='ltr'><strong>furiunt.</strong></span> <span class='ocrx_word' id='word_1_33' title='bbox 1076 1128 1190 1191; x_wconf 78' lang='lat' dir='ltr'>Deinde</span> <span class='ocrx_word' id='word_1_34' title='bbox 1205 1135 1235 1191; x_wconf 88' lang='lat' dir='ltr'><strong>et</strong></span> <span class='ocrx_word' id='word_1_35' title='bbox 1249 1132 1384 1223; x_wconf 67' lang='lat' dir='ltr'><strong>gentilem</strong></span> <span class='ocrx_word' id='word_1_36' title='bbox 1398 1144 1481 1195; x_wconf 78' lang='lat' dir='ltr'><strong>nonr-</strong></span> 
     </span>
     <span class='ocr_line' id='line_1_5' title="bbox 308 1232 1481 1315; baseline 0.003 -17"><span class='ocrx_word' id='word_1_37' title='bbox 308 1255 398 1315; x_wconf 73' lang='lat' dir='ltr'><strong>gusns</strong></span> <span class='ocrx_word' id='word_1_38' title='bbox 412 1239 523 1313; x_wconf 85' lang='lat' dir='ltr'><strong>iuquit:</strong></span> <span class='ocrx_word' id='word_1_39' title='bbox 539 1238 585 1298; x_wconf 85' lang='lat' dir='ltr'><strong>Tu</strong></span> <span class='ocrx_word' id='word_1_40' title='bbox 599 1252 652 1297; x_wconf 81' lang='lat' dir='ltr'><strong>our</strong></span> <span class='ocrx_word' id='word_1_41' title='bbox 668 1238 791 1313; x_wconf 76' lang='lat' dir='ltr'><strong>despicis</strong></span> <span class='ocrx_word' id='word_1_42' title='bbox 804 1234 945 1297; x_wconf 69' lang='lat' dir='ltr'><strong>stttrsm?</strong></span> <span class='ocrx_word' id='word_1_43' title='bbox 962 1234 1058 1313; x_wconf 83' lang='lat' dir='ltr'><strong>(qussi</strong></span> <span class='ocrx_word' id='word_1_44' title='bbox 1072 1232 1176 1312; x_wconf 80' lang='lat' dir='ltr'><strong>diost),</strong></span> <span class='ocrx_word' id='word_1_45' title='bbox 1192 1253 1259 1297; x_wconf 91' lang='lat' dir='ltr'><strong>num</strong></span> <span class='ocrx_word' id='word_1_46' title='bbox 1275 1238 1380 1299; x_wconf 89' lang='lat' dir='ltr'><strong>oblitus</strong></span> <span class='ocrx_word' id='word_1_47' title='bbox 1395 1254 1438 1315; x_wconf 78' lang='lat' dir='ltr'><strong>ss,</strong></span> <span class='ocrx_word' id='word_1_48' title='bbox 1451 1246 1481 1301; x_wconf 89' lang='lat' dir='ltr'><strong>ts</strong></span> 
     </span>
     <span class='ocr_line' id='line_1_6' title="bbox 308 1340 1478 1418; baseline 0.001 -13"><span class='ocrx_word' id='word_1_49' title='bbox 308 1360 371 1405; x_wconf 82' lang='lat' dir='ltr'><strong>esse</strong></span> <span class='ocrx_word' id='word_1_50' title='bbox 384 1342 608 1404; x_wconf 68' lang='lat' dir='ltr'><strong>stnnstudaei</strong></span> <span class='ocrx_word' id='word_1_51' title='bbox 623 1340 784 1404; x_wconf 81' lang='lat' dir='ltr'><strong>oonfiteutis</strong></span> <span class='ocrx_word' id='word_1_52' title='bbox 794 1340 958 1403; x_wconf 78' lang='lat' dir='ltr'><strong>Christum?</strong></span> <span class='ocrx_word' id='word_1_53' title='bbox 974 1341 1045 1402; x_wconf 83' lang='lat' dir='ltr'><strong>Oum</strong></span> <span class='ocrx_word' id='word_1_54' title='bbox 1061 1346 1090 1403; x_wconf 89' lang='lat' dir='ltr'><strong>et</strong></span> <span class='ocrx_word' id='word_1_55' title='bbox 1104 1344 1130 1403; x_wconf 87' lang='lat' dir='ltr'><strong>is</strong></span> <span class='ocrx_word' id='word_1_56' title='bbox 1144 1359 1226 1418; x_wconf 81' lang='lat' dir='ltr'><strong>seque</strong></span> <span class='ocrx_word' id='word_1_57' title='bbox 1241 1358 1276 1403; x_wconf 81' lang='lat' dir='ltr'><strong>so</strong></span> <span class='ocrx_word' id='word_1_58' title='bbox 1290 1348 1323 1405; x_wconf 92' lang='lat' dir='ltr'><strong>tu</strong></span> <span class='ocrx_word' id='word_1_59' title='bbox 1337 1344 1367 1404; x_wconf 90' lang='lat' dir='ltr'><strong>in</strong></span> <span class='ocrx_word' id='word_1_60' title='bbox 1380 1356 1478 1407; x_wconf 81' lang='lat' dir='ltr'><strong>numo-</strong></span> 
     </span>
     <span class='ocr_line' id='line_1_7' title="bbox 306 1446 1543 1541; baseline 0.002 -31"><span class='ocrx_word' id='word_1_61' title='bbox 306 1466 371 1510; x_wconf 92' lang='lat' dir='ltr'><strong>rum</strong></span> <span class='ocrx_word' id='word_1_62' title='bbox 395 1450 551 1511; x_wconf 87' lang='lat' dir='ltr'><strong>elootorum</strong></span> <span class='ocrx_word' id='word_1_63' title='bbox 578 1448 686 1508; x_wconf 86' lang='lat' dir='ltr'><strong>ssoitus</strong></span> <span class='ocrx_word' id='word_1_64' title='bbox 710 1448 761 1522; x_wconf 87' lang='lat' dir='ltr'><strong>sit,</strong></span> <span class='ocrx_word' id='word_1_65' title='bbox 792 1448 922 1523; x_wconf 81' lang='lat' dir='ltr'><strong>nunquid</strong></span> <span class='ocrx_word' id='word_1_66' title='bbox 944 1463 1002 1509; x_wconf 90' lang='lat' dir='ltr'><strong>non</strong></span> <span class='ocrx_word' id='word_1_67' title='bbox 1018 1448 1076 1541; x_wconf 28' lang='lat' dir='ltr'><strong>(tibi</strong></span> <span class='ocrx_word' id='word_1_68' title='bbox 1104 1446 1196 1510; x_wconf 70' lang='lat' dir='ltr'><strong>istor</strong></span> <span class='ocrx_word' id='word_1_69' title='bbox 1220 1454 1265 1511; x_wconf 82' lang='lat' dir='ltr'><strong>est</strong></span> <span class='ocrx_word' id='word_1_70' title='bbox 1285 1451 1316 1510; x_wconf 92' lang='lat' dir='ltr'><strong>in</strong></span> <span class='ocrx_word' id='word_1_71' title='bbox 1343 1451 1479 1513; x_wconf 75' lang='lat' dir='ltr'><strong>domino?</strong></span> <span class='ocrx_word' id='word_1_72' title='bbox 1538 1513 1543 1520; x_wconf 85' lang='grc'><strong>,</strong></span> 
     </span>
     <span class='ocr_line' id='line_1_8' title="bbox 305 1554 1480 1632; baseline 0.002 -15"><span class='ocrx_word' id='word_1_73' title='bbox 305 1554 444 1631; x_wconf 77' lang='lat' dir='ltr'><strong>Nunquid</strong></span> <span class='ocrx_word' id='word_1_74' title='bbox 471 1560 594 1629; x_wconf 82' lang='lat' dir='ltr'><strong>uterque</strong></span> <span class='ocrx_word' id='word_1_75' title='bbox 620 1558 748 1614; x_wconf 70' lang='lat' dir='ltr'><strong>ossuum</strong></span> <span class='ocrx_word' id='word_1_76' title='bbox 773 1554 952 1615; x_wconf 76' lang='lat' dir='ltr'><strong>solummodo</strong></span> <span class='ocrx_word' id='word_1_77' title='bbox 977 1560 1069 1616; x_wconf 86' lang='lat' dir='ltr'><strong>morte</strong></span> <span class='ocrx_word' id='word_1_78' title='bbox 1092 1554 1199 1617; x_wconf 78' lang='lat' dir='ltr'><strong>Christi</strong></span> <span class='ocrx_word' id='word_1_79' title='bbox 1227 1556 1404 1632; x_wconf 78' lang='lat' dir='ltr'><strong>sulusbitur?</strong></span> <span class='ocrx_word' id='word_1_80' title='bbox 1433 1558 1480 1619; x_wconf 84' lang='lat' dir='ltr'><strong>An</strong></span> 
     </span>
     <span class='ocr_line' id='line_1_9' title="bbox 305 1657 1480 1737; baseline 0.003 -17"><span class='ocrx_word' id='word_1_81' title='bbox 305 1662 404 1737; x_wconf 76' lang='lat' dir='ltr'><strong>magni</strong></span> <span class='ocrx_word' id='word_1_82' title='bbox 417 1660 531 1734; x_wconf 74' lang='lat' dir='ltr'><strong>aliquid</strong></span> <span class='ocrx_word' id='word_1_83' title='bbox 543 1665 574 1721; x_wconf 86' lang='lat' dir='ltr'><strong>te</strong></span> <span class='ocrx_word' id='word_1_84' title='bbox 588 1658 690 1721; x_wconf 83' lang='lat' dir='ltr'><strong>isoisse</strong></span> <span class='ocrx_word' id='word_1_85' title='bbox 703 1664 804 1735; x_wconf 80' lang='lat' dir='ltr'><strong>putss3</strong></span> <span class='ocrx_word' id='word_1_86' title='bbox 820 1662 845 1721; x_wconf 90' lang='lat' dir='ltr'><strong>si</strong></span> <span class='ocrx_word' id='word_1_87' title='bbox 859 1657 1039 1722; x_wconf 86' lang='lat' dir='ltr'><strong>osmibns&#39;et</strong></span> <span class='ocrx_word' id='word_1_88' title='bbox 1053 1660 1124 1723; x_wconf 82' lang='lat' dir='ltr'><strong>cibis</strong></span> <span class='ocrx_word' id='word_1_89' title='bbox 1137 1663 1233 1723; x_wconf 73' lang='lat' dir='ltr'><strong>retiis</strong></span> <span class='ocrx_word' id='word_1_90' title='bbox 1254 1665 1330 1724; x_wconf 78' lang='lat' dir='ltr'><strong>sosoi</strong></span> <span class='ocrx_word' id='word_1_91' title='bbox 1344 1662 1480 1725; x_wconf 75' lang='lat' dir='ltr'><strong>noueris?</strong></span> 
     </span>
     <span class='ocr_line' id='line_1_10' title="bbox 304 1765 1482 1844; baseline 0.004 -17"><span class='ocrx_word' id='word_1_92' title='bbox 304 1768 394 1828; x_wconf 86' lang='lat' dir='ltr'><strong>Psrvi</strong></span> <span class='ocrx_word' id='word_1_93' title='bbox 409 1767 524 1828; x_wconf 90' lang='lat' dir='ltr'><strong>domiuo</strong></span> <span class='ocrx_word' id='word_1_94' title='bbox 539 1766 668 1841; x_wconf 80' lang='lat' dir='ltr'><strong>interest,</strong></span> <span class='ocrx_word' id='word_1_95' title='bbox 693 1780 765 1841; x_wconf 89' lang='lat' dir='ltr'><strong>quos</strong></span> <span class='ocrx_word' id='word_1_96' title='bbox 779 1765 859 1827; x_wconf 84' lang='lat' dir='ltr'><strong>eibos</strong></span> <span class='ocrx_word' id='word_1_97' title='bbox 873 1767 1028 1827; x_wconf 78' lang='lat' dir='ltr'><strong>menduces</strong></span> <span class='ocrx_word' id='word_1_98' title='bbox 1043 1772 1167 1829; x_wconf 80' lang='lat' dir='ltr'><strong>autnon</strong></span> <span class='ocrx_word' id='word_1_99' title='bbox 1181 1768 1345 1844; x_wconf 78' lang='lat' dir='ltr'><strong>menduces,</strong></span> <span class='ocrx_word' id='word_1_100' title='bbox 1361 1771 1413 1831; x_wconf 86' lang='lat' dir='ltr'><strong>ssd</strong></span> <span class='ocrx_word' id='word_1_101' title='bbox 1426 1772 1482 1833; x_wconf 88' lang='lat' dir='ltr'><strong>hoo</strong></span> 
     </span>
     <span class='ocr_line' id='line_1_11' title="bbox 307 1872 1480 1953; baseline 0.004 -20"><span class='ocrx_word' id='word_1_102' title='bbox 307 1873 433 1948; x_wconf 79' lang='lat' dir='ltr'>requirit</span> <span class='ocrx_word' id='word_1_103' title='bbox 447 1888 466 1933; x_wconf 83' lang='lat' dir='ltr'><strong>s</strong></span> <span class='ocrx_word' id='word_1_104' title='bbox 479 1877 519 1949; x_wconf 84' lang='lat' dir='ltr'><strong>te,</strong></span> <span class='ocrx_word' id='word_1_105' title='bbox 534 1877 568 1934; x_wconf 89' lang='lat' dir='ltr'><strong>ut</strong></span> <span class='ocrx_word' id='word_1_106' title='bbox 583 1872 666 1934; x_wconf 88' lang='lat' dir='ltr'><strong>donis</strong></span> <span class='ocrx_word' id='word_1_107' title='bbox 685 1878 716 1953; x_wconf 74' lang='lat' dir='ltr'><strong>st</strong></span> <span class='ocrx_word' id='word_1_108' title='bbox 735 1872 811 1932; x_wconf 83' lang='lat' dir='ltr'><strong>lutis</strong></span> <span class='ocrx_word' id='word_1_109' title='bbox 825 1889 889 1933; x_wconf 87' lang='lat' dir='ltr'><strong>cum</strong></span> <span class='ocrx_word' id='word_1_110' title='bbox 911 1872 1071 1947; x_wconf 78' lang='lat' dir='ltr'><strong>gratiarum</strong></span> <span class='ocrx_word' id='word_1_111' title='bbox 1085 1875 1198 1935; x_wconf 80' lang='lat' dir='ltr'><strong>notione</strong></span> <span class='ocrx_word' id='word_1_112' title='bbox 1211 1873 1318 1937; x_wconf 73' lang='lat' dir='ltr'><strong>tumn</strong></span> <span class='ocrx_word' id='word_1_113' title='bbox 1332 1891 1368 1939; x_wconf 83' lang='lat' dir='ltr'><strong>no</strong></span> <span class='ocrx_word' id='word_1_114' title='bbox 1380 1876 1480 1938; x_wconf 82' lang='lat' dir='ltr'><strong>iisdem</strong></span> 
     </span>
     <span class='ocr_line' id='line_1_12' title="bbox 308 1977 1481 2058; baseline 0.003 -19"><span class='ocrx_word' id='word_1_115' title='bbox 308 1997 367 2041; x_wconf 90' lang='lat' dir='ltr'><strong>uon</strong></span> <span class='ocrx_word' id='word_1_116' title='bbox 382 1979 512 2041; x_wconf 79' lang='lat' dir='ltr'><strong>abuteris</strong></span> <span class='ocrx_word' id='word_1_117' title='bbox 526 1984 581 2039; x_wconf 84' lang='lat' dir='ltr'><strong>eto.</strong></span> <span class='ocrx_word' id='word_1_118' title='bbox 620 1977 663 2038; x_wconf 80' lang='lat' dir='ltr'><strong>Ao</strong></span> <span class='ocrx_word' id='word_1_119' title='bbox 677 1978 773 2053; x_wconf 82' lang='lat' dir='ltr'><strong>potios</strong></span> <span class='ocrx_word' id='word_1_120' title='bbox 787 1979 882 2040; x_wconf 86' lang='lat' dir='ltr'><strong>nuimo</strong></span> <span class='ocrx_word' id='word_1_121' title='bbox 896 1982 991 2037; x_wconf 85' lang='lat' dir='ltr'><strong>tetum</strong></span> <span class='ocrx_word' id='word_1_122' title='bbox 1005 1979 1134 2054; x_wconf 85' lang='lat' dir='ltr'><strong>reoolito,</strong></span> <span class='ocrx_word' id='word_1_123' title='bbox 1151 1980 1230 2054; x_wconf 84' lang='lat' dir='ltr'><strong>quod</strong></span> <span class='ocrx_word' id='word_1_124' title='bbox 1245 1998 1300 2057; x_wconf 87' lang='lat' dir='ltr'><strong>pro</strong></span> <span class='ocrx_word' id='word_1_125' title='bbox 1314 1984 1481 2058; x_wconf 82' lang='lat' dir='ltr'><strong>temetipso</strong></span> 
     </span>
     <span class='ocr_line' id='line_1_13' title="bbox 305 2083 1478 2163; baseline 0.003 -18"><span class='ocrx_word' id='word_1_126' title='bbox 305 2085 369 2145; x_wconf 85' lang='lat' dir='ltr'><strong>Deo</strong></span> <span class='ocrx_word' id='word_1_127' title='bbox 390 2085 532 2145; x_wconf 75' lang='lat' dir='ltr'><strong>rnfiouem</strong></span> <span class='ocrx_word' id='word_1_128' title='bbox 551 2083 719 2145; x_wconf 80' lang='lat' dir='ltr'><strong>redditurus</strong></span> <span class='ocrx_word' id='word_1_129' title='bbox 742 2090 773 2145; x_wconf 85' lang='lat' dir='ltr'><strong>et</strong></span> <span class='ocrx_word' id='word_1_130' title='bbox 792 2100 890 2145; x_wconf 85' lang='lat' dir='ltr'><strong>eornm</strong></span> <span class='ocrx_word' id='word_1_131' title='bbox 909 2085 1048 2146; x_wconf 78' lang='lat' dir='ltr'><strong>tribunali</strong></span> <span class='ocrx_word' id='word_1_132' title='bbox 1070 2083 1177 2146; x_wconf 79' lang='lat' dir='ltr'><strong>Christi</strong></span> <span class='ocrx_word' id='word_1_133' title='bbox 1199 2087 1404 2163; x_wconf 72' lang='lat' dir='ltr'><strong>sisinnius-sis,</strong></span> <span class='ocrx_word' id='word_1_134' title='bbox 1427 2088 1478 2149; x_wconf 87' lang='lat' dir='ltr'><strong>ubi</strong></span> 
     </span>
     <span class='ocr_line' id='line_1_14' title="bbox 306 2189 1480 2269; baseline 0.003 -18"><span class='ocrx_word' id='word_1_135' title='bbox 306 2206 372 2251; x_wconf 87' lang='lat' dir='ltr'><strong>oum</strong></span> <span class='ocrx_word' id='word_1_136' title='bbox 386 2191 551 2251; x_wconf 70' lang='lat' dir='ltr'><strong>steterimus</strong></span> <span class='ocrx_word' id='word_1_137' title='bbox 564 2192 596 2249; x_wconf 94' lang='lat' dir='ltr'><strong>in</strong></span> <span class='ocrx_word' id='word_1_138' title='bbox 610 2189 658 2251; x_wconf 85' lang='lat' dir='ltr'><strong>die</strong></span> <span class='ocrx_word' id='word_1_139' title='bbox 671 2190 722 2249; x_wconf 86' lang='lat' dir='ltr'><strong>ills</strong></span> <span class='ocrx_word' id='word_1_140' title='bbox 733 2189 850 2265; x_wconf 72' lang='lat' dir='ltr'><strong>iuditii,</strong></span> <span class='ocrx_word' id='word_1_141' title='bbox 871 2191 896 2249; x_wconf 93' lang='lat' dir='ltr'><strong>is</strong></span> <span class='ocrx_word' id='word_1_142' title='bbox 915 2204 1002 2251; x_wconf 84' lang='lat' dir='ltr'><strong>verus</strong></span> <span class='ocrx_word' id='word_1_143' title='bbox 1022 2196 1165 2252; x_wconf 79' lang='lat' dir='ltr'><strong>scrutetur</strong></span> <span class='ocrx_word' id='word_1_144' title='bbox 1177 2208 1294 2269; x_wconf 88' lang='lat' dir='ltr'><strong>renum,</strong></span> <span class='ocrx_word' id='word_1_145' title='bbox 1317 2194 1364 2254; x_wconf 88' lang='lat' dir='ltr'><strong>oui</strong></span> <span class='ocrx_word' id='word_1_146' title='bbox 1377 2198 1480 2269; x_wconf 77' lang='lat' dir='ltr'><strong>ponus</strong></span> 
     </span>
     <span class='ocr_line' id='line_1_15' title="bbox 304 2294 1479 2376; baseline 0.001 -18"><span class='ocrx_word' id='word_1_147' title='bbox 304 2296 477 2359; x_wconf 75' lang='lat' dir='ltr'><strong>absconditu</strong></span> <span class='ocrx_word' id='word_1_148' title='bbox 490 2297 636 2369; x_wconf 80' lang='lat' dir='ltr'><strong>sordium,</strong></span> <span class='ocrx_word' id='word_1_149' title='bbox 659 2294 744 2357; x_wconf 83' lang='lat' dir='ltr'><strong>inuilo</strong></span> <span class='ocrx_word' id='word_1_150' title='bbox 758 2297 854 2357; x_wconf 87' lang='lat' dir='ltr'><strong>omnis</strong></span> <span class='ocrx_word' id='word_1_151' title='bbox 868 2296 1050 2371; x_wconf 71' lang='lat' dir='ltr'><strong>diiudicabit,</strong></span> <span class='ocrx_word' id='word_1_152' title='bbox 1066 2294 1216 2373; x_wconf 84' lang='lat' dir='ltr'><strong>proferens</strong></span> <span class='ocrx_word' id='word_1_153' title='bbox 1232 2314 1289 2372; x_wconf 85' lang='lat' dir='ltr'><strong>qus</strong></span> <span class='ocrx_word' id='word_1_154' title='bbox 1302 2296 1360 2359; x_wconf 81' lang='lat' dir='ltr'><strong>fisle</strong></span> <span class='ocrx_word' id='word_1_155' title='bbox 1373 2300 1479 2376; x_wconf 75' lang='lat' dir='ltr'><strong>singuli</strong></span> 
     </span>
     <span class='ocr_line' id='line_1_16' title="bbox 304 2401 1476 2481; baseline 0.002 -18"><span class='ocrx_word' id='word_1_156' title='bbox 304 2404 420 2480; x_wconf 75' lang='lat' dir='ltr'><strong>singule</strong></span> <span class='ocrx_word' id='word_1_157' title='bbox 433 2401 567 2477; x_wconf 76' lang='lat' dir='ltr'><strong>iecerint,</strong></span> <span class='ocrx_word' id='word_1_158' title='bbox 592 2406 653 2461; x_wconf 91' lang='lat' dir='ltr'><strong>tum</strong></span> <span class='ocrx_word' id='word_1_159' title='bbox 669 2402 746 2477; x_wconf 84' lang='lat' dir='ltr'><strong>dito,</strong></span> <span class='ocrx_word' id='word_1_160' title='bbox 768 2418 832 2462; x_wconf 89' lang='lat' dir='ltr'><strong>oum</strong></span> <span class='ocrx_word' id='word_1_161' title='bbox 845 2417 935 2479; x_wconf 77' lang='lat' dir='ltr'><strong>ugnos</strong></span> <span class='ocrx_word' id='word_1_162' title='bbox 950 2404 986 2463; x_wconf 84' lang='lat' dir='ltr'><strong>nb</strong></span> <span class='ocrx_word' id='word_1_163' title='bbox 1001 2402 1090 2463; x_wconf 80' lang='lat' dir='ltr'><strong>hedis</strong></span> <span class='ocrx_word' id='word_1_164' title='bbox 1104 2403 1221 2465; x_wconf 83' lang='lat' dir='ltr'><strong>diuidet.</strong></span> <span class='ocrx_word' id='word_1_165' title='bbox 1259 2404 1313 2464; x_wconf 87' lang='lat' dir='ltr'><strong>His</strong></span> <span class='ocrx_word' id='word_1_166' title='bbox 1327 2403 1412 2481; x_wconf 85' lang='lat' dir='ltr'><strong>diost,</strong></span> <span class='ocrx_word' id='word_1_167' title='bbox 1427 2418 1476 2465; x_wconf 83' lang='lat' dir='ltr'><strong>us·</strong></span> 
     </span>
     <span class='ocr_line' id='line_1_17' title="bbox 306 2507 1476 2584; baseline 0.002 -14"><span class='ocrx_word' id='word_1_168' title='bbox 306 2512 375 2584; x_wconf 84' lang='lat' dir='ltr'><strong>uite,</strong></span> <span class='ocrx_word' id='word_1_169' title='bbox 390 2508 456 2584; x_wconf 86' lang='lat' dir='ltr'><strong>illis,</strong></span> <span class='ocrx_word' id='word_1_170' title='bbox 472 2510 521 2568; x_wconf 81' lang='lat' dir='ltr'><strong>ite.</strong></span> <span class='ocrx_word' id='word_1_171' title='bbox 559 2507 627 2568; x_wconf 92' lang='lat' dir='ltr'><strong>Istis</strong></span> <span class='ocrx_word' id='word_1_172' title='bbox 649 2508 770 2583; x_wconf 79' lang='lat' dir='ltr'><strong>seilicet,</strong></span> <span class='ocrx_word' id='word_1_173' title='bbox 782 2509 846 2581; x_wconf 22' lang='lat' dir='ltr'><strong>“qui</strong></span> <span class='ocrx_word' id='word_1_174' title='bbox 865 2524 942 2569; x_wconf 89' lang='lat' dir='ltr'><strong>nuno</strong></span> <span class='ocrx_word' id='word_1_175' title='bbox 960 2508 1055 2569; x_wconf 86' lang='lat' dir='ltr'><strong>omnis</strong></span> <span class='ocrx_word' id='word_1_176' title='bbox 1075 2508 1235 2583; x_wconf 77' lang='lat' dir='ltr'><strong>dijudicant</strong></span> <span class='ocrx_word' id='word_1_177' title='bbox 1255 2527 1291 2571; x_wconf 83' lang='lat' dir='ltr'><strong>no</strong></span> <span class='ocrx_word' id='word_1_178' title='bbox 1311 2511 1390 2571; x_wconf 86' lang='lat' dir='ltr'><strong>velut</strong></span> <span class='ocrx_word' id='word_1_179' title='bbox 1403 2510 1476 2572; x_wconf 82' lang='lat' dir='ltr'><strong>hinni</strong></span> 
     </span>
     <span class='ocr_line' id='line_1_18' title="bbox 304 2612 1477 2693; baseline 0.003 -16"><span class='ocrx_word' id='word_1_180' title='bbox 304 2620 472 2692; x_wconf 79' lang='lat' dir='ltr'><strong>nornupetae</strong></span> <span class='ocrx_word' id='word_1_181' title='bbox 486 2615 594 2689; x_wconf 83' lang='lat' dir='ltr'><strong>passim</strong></span> <span class='ocrx_word' id='word_1_182' title='bbox 608 2612 708 2675; x_wconf 85' lang='lat' dir='ltr'><strong>obvios</strong></span> <span class='ocrx_word' id='word_1_183' title='bbox 723 2630 851 2689; x_wconf 85' lang='lat' dir='ltr'><strong>quosque</strong></span> <span class='ocrx_word' id='word_1_184' title='bbox 865 2620 969 2691; x_wconf 80' lang='lat' dir='ltr'><strong>petunt</strong></span> <span class='ocrx_word' id='word_1_185' title='bbox 983 2620 1036 2676; x_wconf 84' lang='lat' dir='ltr'><strong>sto.</strong></span> <span class='ocrx_word' id='word_1_186' title='bbox 1072 2615 1113 2675; x_wconf 86' lang='lat' dir='ltr'><strong>Et</strong></span> <span class='ocrx_word' id='word_1_187' title='bbox 1127 2616 1262 2677; x_wconf 85' lang='lat' dir='ltr'><strong>debemus</strong></span> <span class='ocrx_word' id='word_1_188' title='bbox 1276 2615 1406 2693; x_wconf 81' lang='lat' dir='ltr'><strong>proiecto</strong></span> <span class='ocrx_word' id='word_1_189' title='bbox 1420 2614 1477 2681; x_wconf 81' lang='lat' dir='ltr'><strong>irs·</strong></span> 
     </span>
     <span class='ocr_line' id='line_1_19' title="bbox 305 2716 1479 2805; baseline 0 -22"><span class='ocrx_word' id='word_1_190' title='bbox 305 2728 385 2783; x_wconf 85' lang='lat' dir='ltr'><strong>trum</strong></span> <span class='ocrx_word' id='word_1_191' title='bbox 399 2718 600 2805; x_wconf 69' lang='lat' dir='ltr'><strong>minuitatem</strong></span> <span class='ocrx_word' id='word_1_192' title='bbox 618 2721 761 2781; x_wconf 86' lang='lat' dir='ltr'><strong>sustinere</strong></span> <span class='ocrx_word' id='word_1_193' title='bbox 780 2722 810 2781; x_wconf 93' lang='lat' dir='ltr'><strong>in</strong></span> <span class='ocrx_word' id='word_1_194' title='bbox 830 2721 879 2795; x_wconf 84' lang='lat' dir='ltr'><strong>iis,</strong></span> <span class='ocrx_word' id='word_1_195' title='bbox 904 2736 977 2803; x_wconf 75' lang='lat' dir='ltr'><strong>quae¹</strong></span> <span class='ocrx_word' id='word_1_196' title='bbox 989 2724 1089 2781; x_wconf 87' lang='lat' dir='ltr'><strong>oontrs</strong></span> <span class='ocrx_word' id='word_1_197' title='bbox 1110 2716 1196 2783; x_wconf 87' lang='lat' dir='ltr'><strong>iidem</strong></span> <span class='ocrx_word' id='word_1_198' title='bbox 1215 2738 1274 2783; x_wconf 93' lang='lat' dir='ltr'><strong>non</strong></span> <span class='ocrx_word' id='word_1_199' title='bbox 1292 2719 1374 2783; x_wconf 91' lang='lat' dir='ltr'><strong>fiunt.</strong></span> <span class='ocrx_word' id='word_1_200' title='bbox 1412 2720 1479 2783; x_wconf 78' lang='lat' dir='ltr'><strong>Non</strong></span> 
     </span>
     <span class='ocr_line' id='line_1_20' title="bbox 304 2825 1478 2905; baseline 0.002 -16"><span class='ocrx_word' id='word_1_201' title='bbox 304 2830 382 2889; x_wconf 89' lang='lat' dir='ltr'><strong>enim</strong></span> <span class='ocrx_word' id='word_1_202' title='bbox 396 2826 557 2903; x_wconf 80' lang='lat' dir='ltr'><strong>periculum</strong></span> <span class='ocrx_word' id='word_1_203' title='bbox 571 2830 616 2885; x_wconf 85' lang='lat' dir='ltr'><strong>sst</strong></span> <span class='ocrx_word' id='word_1_204' title='bbox 629 2825 675 2885; x_wconf 88' lang='lat' dir='ltr'><strong>his</strong></span> <span class='ocrx_word' id='word_1_205' title='bbox 689 2825 737 2887; x_wconf 78' lang='lat' dir='ltr'><strong>rel</strong></span> <span class='ocrx_word' id='word_1_206' title='bbox 750 2826 807 2885; x_wconf 89' lang='lat' dir='ltr'><strong>illis</strong></span> <span class='ocrx_word' id='word_1_207' title='bbox 821 2827 893 2887; x_wconf 88' lang='lat' dir='ltr'><strong>oibis</strong></span> <span class='ocrx_word' id='word_1_208' title='bbox 903 2826 990 2903; x_wconf 83' lang='lat' dir='ltr'><strong>vesci,</strong></span> <span class='ocrx_word' id='word_1_209' title='bbox 1006 2828 1057 2888; x_wconf 87' lang='lat' dir='ltr'><strong>ssd</strong></span> <span class='ocrx_word' id='word_1_210' title='bbox 1073 2842 1137 2886; x_wconf 88' lang='lat' dir='ltr'><strong>oum</strong></span> <span class='ocrx_word' id='word_1_211' title='bbox 1151 2828 1324 2905; x_wconf 82' lang='lat' dir='ltr'><strong>lurconibus,</strong></span> <span class='ocrx_word' id='word_1_212' title='bbox 1339 2828 1478 2891; x_wconf 83' lang='lat' dir='ltr'><strong>helluoni·</strong></span> 
     </span>
     <span class='ocr_line' id='line_1_21' title="bbox 303 2930 1479 3009; baseline 0.001 -15"><span class='ocrx_word' id='word_1_213' title='bbox 303 2932 367 3009; x_wconf 90' lang='lat' dir='ltr'><strong>bus,</strong></span> <span class='ocrx_word' id='word_1_214' title='bbox 383 2932 503 2994; x_wconf 80' lang='lat' dir='ltr'><strong>moeclis</strong></span> <span class='ocrx_word' id='word_1_215' title='bbox 518 2931 708 3006; x_wconf 76' lang='lat' dir='ltr'><strong>somnisonni,</strong></span> <span class='ocrx_word' id='word_1_216' title='bbox 724 2930 779 2991; x_wconf 87' lang='lat' dir='ltr'><strong>hoo</strong></span> <span class='ocrx_word' id='word_1_217' title='bbox 792 2939 943 3007; x_wconf 64' lang='lat' dir='ltr'><strong>moestum</strong></span> <span class='ocrx_word' id='word_1_218' title='bbox 957 2939 1010 2994; x_wconf 82' lang='lat' dir='ltr'><strong>est.</strong></span> <span class='ocrx_word' id='word_1_219' title='bbox 1048 2934 1177 2994; x_wconf 78' lang='lat' dir='ltr'><strong>Adduxit</strong></span> <span class='ocrx_word' id='word_1_220' title='bbox 1191 2940 1221 2995; x_wconf 90' lang='lat' dir='ltr'><strong>et</strong></span> <span class='ocrx_word' id='word_1_221' title='bbox 1233 2934 1328 2996; x_wconf 81' lang='lat' dir='ltr'><strong>losum</strong></span> <span class='ocrx_word' id='word_1_222' title='bbox 1342 2934 1427 2996; x_wconf 87' lang='lat' dir='ltr'><strong>Psuli</strong></span> <span class='ocrx_word' id='word_1_223' title='bbox 1441 2950 1479 2995; x_wconf 82' lang='lat' dir='ltr'><strong>ex</strong></span> 
     </span>
     <span class='ocr_line' id='line_1_22' title="bbox 303 3036 1476 3117; baseline 0 -17"><span class='ocrx_word' id='word_1_224' title='bbox 303 3039 434 3113; x_wconf 74' lang='lat' dir='ltr'><strong>corintln</strong></span> <span class='ocrx_word' id='word_1_225' title='bbox 453 3042 481 3097; x_wconf 91' lang='lat'><strong>1.</strong></span> <span class='ocrx_word' id='word_1_226' title='bbox 497 3036 621 3113; x_wconf 73' lang='lat' dir='ltr'><strong>epistola</strong></span> <span class='ocrx_word' id='word_1_227' title='bbox 634 3052 697 3112; x_wconf 76' lang='lat' dir='ltr'><strong>osu.</strong></span> <span class='ocrx_word' id='word_1_228' title='bbox 713 3039 744 3096; x_wconf 82' lang='lat'><strong>8.</strong></span> <span class='ocrx_word' id='word_1_229' title='bbox 782 3037 834 3099; x_wconf 80' lang='lat' dir='ltr'><strong>Ait</strong></span> <span class='ocrx_word' id='word_1_230' title='bbox 854 3045 965 3114; x_wconf 85' lang='lat' dir='ltr'><strong>sutem,</strong></span> <span class='ocrx_word' id='word_1_231' title='bbox 987 3040 1013 3099; x_wconf 93' lang='lat' dir='ltr'><strong>si</strong></span> <span class='ocrx_word' id='word_1_232' title='bbox 1034 3040 1065 3099; x_wconf 92' lang='lat' dir='ltr'><strong>in</strong></span> <span class='ocrx_word' id='word_1_233' title='bbox 1085 3040 1252 3115; x_wconf 73' lang='lat' dir='ltr'><strong>adiaphoris</strong></span> <span class='ocrx_word' id='word_1_234' title='bbox 1266 3040 1368 3117; x_wconf 74' lang='lat' dir='ltr'><strong>religio</strong></span> <span class='ocrx_word' id='word_1_235' title='bbox 1383 3041 1476 3101; x_wconf 86' lang='lat' dir='ltr'><strong>oonsi-</strong></span> 
     </span>
     <span class='ocr_line' id='line_1_23' title="bbox 302 3130 1478 3222; baseline 0.003 -16"><span class='ocrx_word' id='word_1_236' title='bbox 302 3149 405 3219; x_wconf 80' lang='lat' dir='ltr'><strong>steret,</strong></span> <span class='ocrx_word' id='word_1_237' title='bbox 420 3130 676 3220; x_wconf 51' lang='lat' dir='ltr'><strong>proisotofirustrs</strong></span> <span class='ocrx_word' id='word_1_238' title='bbox 690 3146 819 3203; x_wconf 83' lang='lat' dir='ltr'><strong>mortuus</strong></span> <span class='ocrx_word' id='word_1_239' title='bbox 833 3149 878 3204; x_wconf 86' lang='lat' dir='ltr'><strong>est</strong></span> <span class='ocrx_word' id='word_1_240' title='bbox 893 3144 1032 3206; x_wconf 83' lang='lat' dir='ltr'><strong>christus.</strong></span> <span class='ocrx_word' id='word_1_241' title='bbox 1063 3146 1155 3206; x_wconf 83' lang='lat' dir='ltr'><strong>Misso</strong></span> <span class='ocrx_word' id='word_1_242' title='bbox 1169 3148 1256 3222; x_wconf 80' lang='lat' dir='ltr'><strong>igitur</strong></span> <span class='ocrx_word' id='word_1_243' title='bbox 1270 3145 1407 3209; x_wconf 59' lang='lat' dir='ltr'><strong>sommus</strong></span> <span class='ocrx_word' id='word_1_244' title='bbox 1421 3149 1478 3209; x_wconf 87' lang='lat' dir='ltr'><strong>ists</strong></span> 
     </span>
     <span class='ocr_line' id='line_1_24' title="bbox 301 3246 1479 3329; baseline 0.003 -18"><span class='ocrx_word' id='word_1_245' title='bbox 301 3249 414 3327; x_wconf 77' lang='lat' dir='ltr'><strong>juditio</strong></span> <span class='ocrx_word' id='word_1_246' title='bbox 427 3255 458 3310; x_wconf 89' lang='lat' dir='ltr'><strong>et</strong></span> <span class='ocrx_word' id='word_1_247' title='bbox 472 3250 571 3311; x_wconf 81' lang='lat' dir='ltr'><strong>demus</strong></span> <span class='ocrx_word' id='word_1_248' title='bbox 585 3264 704 3325; x_wconf 79' lang='lat' dir='ltr'><strong>opernm</strong></span> <span class='ocrx_word' id='word_1_249' title='bbox 718 3254 753 3309; x_wconf 89' lang='lat' dir='ltr'><strong>ut</strong></span> <span class='ocrx_word' id='word_1_250' title='bbox 765 3246 825 3311; x_wconf 83' lang='lat' dir='ltr'><strong>fids</strong></span> <span class='ocrx_word' id='word_1_251' title='bbox 839 3254 870 3309; x_wconf 86' lang='lat' dir='ltr'><strong>st</strong></span> <span class='ocrx_word' id='word_1_252' title='bbox 880 3250 1008 3323; x_wconf 76' lang='lat' dir='ltr'><strong>puritate</strong></span> <span class='ocrx_word' id='word_1_253' title='bbox 1023 3249 1119 3310; x_wconf 82' lang='lat' dir='ltr'><strong>sordis</strong></span> <span class='ocrx_word' id='word_1_254' title='bbox 1137 3252 1269 3313; x_wconf 79' lang='lat' dir='ltr'><strong>instructi</strong></span> <span class='ocrx_word' id='word_1_255' title='bbox 1289 3268 1422 3329; x_wconf 84' lang='lat' dir='ltr'><strong>supremo</strong></span> <span class='ocrx_word' id='word_1_256' title='bbox 1436 3253 1479 3315; x_wconf 89' lang='lat' dir='ltr'><strong>illi</strong></span> 
     </span>
     <span class='ocr_line' id='line_1_25' title="bbox 299 3353 1478 3432; baseline 0 -13"><span class='ocrx_word' id='word_1_257' title='bbox 299 3355 393 3432; x_wconf 84' lang='lat' dir='ltr'><strong>judioi</strong></span> <span class='ocrx_word' id='word_1_258' title='bbox 406 3355 549 3416; x_wconf 80' lang='lat' dir='ltr'><strong>ustionem</strong></span> <span class='ocrx_word' id='word_1_259' title='bbox 563 3353 685 3415; x_wconf 83' lang='lat' dir='ltr'><strong>reddere</strong></span> <span class='ocrx_word' id='word_1_260' title='bbox 699 3370 845 3429; x_wconf 80' lang='lat' dir='ltr'><strong>queamus.</strong></span> <span class='ocrx_word' id='word_1_261' title='bbox 874 3354 919 3415; x_wconf 84' lang='lat' dir='ltr'><strong>Do</strong></span> <span class='ocrx_word' id='word_1_262' title='bbox 934 3354 1048 3428; x_wconf 76' lang='lat' dir='ltr'><strong>relique</strong></span> <span class='ocrx_word' id='word_1_263' title='bbox 1062 3359 1157 3415; x_wconf 84' lang='lat' dir='ltr'><strong>textus</strong></span> <span class='ocrx_word' id='word_1_264' title='bbox 1171 3361 1255 3430; x_wconf 84' lang='lat' dir='ltr'><strong>purte</strong></span> <span class='ocrx_word' id='word_1_265' title='bbox 1269 3356 1309 3418; x_wconf 80' lang='lat' dir='ltr'><strong>sd</strong></span> <span class='ocrx_word' id='word_1_266' title='bbox 1323 3357 1399 3419; x_wconf 85' lang='lat' dir='ltr'><strong>diem</strong></span> <span class='ocrx_word' id='word_1_267' title='bbox 1413 3358 1478 3419; x_wconf 84' lang='lat' dir='ltr'><strong>sub·</strong></span> 
     </span>
     <span class='ocr_line' id='line_1_26' title="bbox 302 3460 700 3536; baseline -0.013 -12"><span class='ocrx_word' id='word_1_268' title='bbox 302 3463 365 3524; x_wconf 78' lang='lat' dir='ltr'><strong>ost</strong></span> <span class='ocrx_word' id='word_1_269' title='bbox 380 3476 413 3522; x_wconf 87' lang='lat' dir='ltr'><strong>ss</strong></span> <span class='ocrx_word' id='word_1_270' title='bbox 426 3460 568 3521; x_wconf 72' lang='lat' dir='ltr'><strong>tinorum</strong></span> <span class='ocrx_word' id='word_1_271' title='bbox 581 3460 700 3536; x_wconf 81' lang='lat' dir='ltr'><strong>rsoepit.</strong></span> 
     </span>
    </p>

    <p class='ocr_par' dir='ltr' id='par_1_3' title="bbox 299 3566 1478 4915">
     <span class='ocr_line' id='line_1_27' title="bbox 393 3566 1475 3642; baseline 0.002 -16"><span class='ocrx_word' id='word_1_272' title='bbox 393 3566 421 3626; x_wconf 79' lang='lat' dir='ltr'>A</span> <span class='ocrx_word' id='word_1_273' title='bbox 435 3566 572 3626; x_wconf 83' lang='lat' dir='ltr'><strong>consinus</strong></span> <span class='ocrx_word' id='word_1_274' title='bbox 586 3566 747 3626; x_wconf 77' lang='lat' dir='ltr'><strong>Samuelem</strong></span> <span class='ocrx_word' id='word_1_275' title='bbox 760 3572 894 3642; x_wconf 81' lang='lat' dir='ltr'><strong>nepotem</strong></span> <span class='ocrx_word' id='word_1_276' title='bbox 908 3571 1038 3628; x_wconf 88' lang='lat' dir='ltr'><strong>nostrum</strong></span> <span class='ocrx_word' id='word_1_277' title='bbox 1049 3566 1226 3639; x_wconf 85' lang='lat' dir='ltr'><strong>jentsonlom</strong></span> <span class='ocrx_word' id='word_1_278' title='bbox 1245 3568 1275 3626; x_wconf 93' lang='lat' dir='ltr'><strong>in</strong></span> <span class='ocrx_word' id='word_1_279' title='bbox 1288 3566 1412 3641; x_wconf 85' lang='lat' dir='ltr'><strong>hospitio</strong></span> <span class='ocrx_word' id='word_1_280' title='bbox 1427 3583 1475 3628; x_wconf 91' lang='lat' dir='ltr'><strong>su·</strong></span> 
     </span>
     <span class='ocr_line' id='line_1_28' title="bbox 301 3669 1477 3748; baseline 0 -15"><span class='ocrx_word' id='word_1_281' title='bbox 301 3679 428 3734; x_wconf 79' lang='lat' dir='ltr'><strong>mentem</strong></span> <span class='ocrx_word' id='word_1_282' title='bbox 442 3674 541 3748; x_wconf 79' lang='lat' dir='ltr'><strong>reperi</strong></span> <span class='ocrx_word' id='word_1_283' title='bbox 555 3678 586 3733; x_wconf 88' lang='lat' dir='ltr'><strong>et</strong></span> <span class='ocrx_word' id='word_1_284' title='bbox 597 3686 666 3732; x_wconf 87' lang='lat' dir='ltr'><strong>mox</strong></span> <span class='ocrx_word' id='word_1_285' title='bbox 679 3670 734 3732; x_wconf 89' lang='lat' dir='ltr'><strong>sub</strong></span> <span class='ocrx_word' id='word_1_286' title='bbox 747 3673 849 3734; x_wconf 80' lang='lat' dir='ltr'><strong>hortm</strong></span> <span class='ocrx_word' id='word_1_287' title='bbox 863 3689 969 3733; x_wconf 87' lang='lat' dir='ltr'><strong>nonsm</strong></span> <span class='ocrx_word' id='word_1_288' title='bbox 984 3670 1105 3733; x_wconf 80' lang='lat' dir='ltr'><strong>eundem</strong></span> <span class='ocrx_word' id='word_1_289' title='bbox 1124 3671 1162 3732; x_wconf 85' lang='lat' dir='ltr'><strong>sd</strong></span> <span class='ocrx_word' id='word_1_290' title='bbox 1176 3669 1249 3746; x_wconf 86' lang='lat' dir='ltr'><strong>Lyoi</strong></span> <span class='ocrx_word' id='word_1_291' title='bbox 1261 3685 1354 3745; x_wconf 85' lang='lat' dir='ltr'><strong>usquo</strong></span> <span class='ocrx_word' id='word_1_292' title='bbox 1368 3670 1477 3743; x_wconf 78' lang='lat' dir='ltr'><strong>fluento</strong></span> 
     </span>
     <span class='ocr_line' id='line_1_29' title="bbox 301 3776 1477 3857; baseline -0.002 -17"><span class='ocrx_word' id='word_1_293' title='bbox 301 3777 500 3857; x_wconf 80' lang='lat' dir='ltr'><strong>profecturum</strong></span> <span class='ocrx_word' id='word_1_294' title='bbox 530 3780 561 3838; x_wconf 91' lang='lat' dir='ltr'><strong>in</strong></span> <span class='ocrx_word' id='word_1_295' title='bbox 588 3777 916 3854; x_wconf 66' lang='lat' dir='ltr'><strong>semotissimis,</strong></span> <span class='ocrx_word' id='word_1_296' title='bbox 945 3792 1115 3855; x_wconf 85' lang='lat' dir='ltr'><strong>prosperum</strong></span> <span class='ocrx_word' id='word_1_297' title='bbox 1137 3778 1193 3837; x_wconf 85' lang='lat' dir='ltr'><strong>iter</strong></span> <span class='ocrx_word' id='word_1_298' title='bbox 1214 3780 1245 3837; x_wconf 89' lang='lat' dir='ltr'><strong>et</strong></span> <span class='ocrx_word' id='word_1_299' title='bbox 1262 3777 1359 3837; x_wconf 84' lang='lat' dir='ltr'><strong>omnia</strong></span> <span class='ocrx_word' id='word_1_300' title='bbox 1381 3776 1477 3838; x_wconf 77' lang='lat' dir='ltr'><strong>inuste</strong></span> 
     </span>
     <span class='ocr_line' id='line_1_30' title="bbox 302 3883 1476 3962; baseline -0.002 -17"><span class='ocrx_word' id='word_1_301' title='bbox 302 3886 359 3962; x_wconf 81' lang='lat' dir='ltr'><strong>ipsi</strong></span> <span class='ocrx_word' id='word_1_302' title='bbox 370 3886 537 3960; x_wconf 67' lang='lat' dir='ltr'><strong>&#39;mesmes</strong></span> <span class='ocrx_word' id='word_1_303' title='bbox 552 3886 735 3960; x_wconf 72' lang='lat' dir='ltr'><strong>injungentes</strong></span> <span class='ocrx_word' id='word_1_304' title='bbox 755 3900 819 3959; x_wconf 81' lang='lat' dir='ltr'><strong>quae</strong></span> <span class='ocrx_word' id='word_1_305' title='bbox 839 3886 917 3961; x_wconf 81' lang='lat' dir='ltr'><strong>patri</strong></span> <span class='ocrx_word' id='word_1_306' title='bbox 930 3884 1065 3960; x_wconf 85' lang='lat' dir='ltr'><strong>Philippo</strong></span> <span class='ocrx_word' id='word_1_307' title='bbox 1087 3883 1179 3944; x_wconf 86' lang='lat' dir='ltr'><strong>nostri</strong></span> <span class='ocrx_word' id='word_1_308' title='bbox 1192 3885 1305 3944; x_wconf 81' lang='lat' dir='ltr'><strong>nomino</strong></span> <span class='ocrx_word' id='word_1_309' title='bbox 1319 3883 1428 3944; x_wconf 74' lang='lat' dir='ltr'><strong>diusmo</strong></span> <span class='ocrx_word' id='word_1_310' title='bbox 1441 3898 1476 3944; x_wconf 81' lang='lat' dir='ltr'><strong>so</strong></span> 
     </span>
     <span class='ocr_line' id='line_1_31' title="bbox 303 3989 1477 4067; baseline -0.001 -15"><span class='ocrx_word' id='word_1_311' title='bbox 303 3991 411 4067; x_wconf 70' lang='lat' dir='ltr'><strong>eidem</strong></span> <span class='ocrx_word' id='word_1_312' title='bbox 426 3990 505 4065; x_wconf 83' lang='lat' dir='ltr'><strong>quoi</strong></span> <span class='ocrx_word' id='word_1_313' title='bbox 519 3991 648 4067; x_wconf 67' lang='lat' dir='ltr'><strong>nunnus,</strong></span> <span class='ocrx_word' id='word_1_314' title='bbox 665 4006 750 4066; x_wconf 87' lang='lat' dir='ltr'><strong>quem</strong></span> <span class='ocrx_word' id='word_1_315' title='bbox 764 3997 832 4052; x_wconf 82' lang='lat' dir='ltr'><strong>onte</strong></span> <span class='ocrx_word' id='word_1_316' title='bbox 845 3989 1003 4051; x_wconf 82' lang='lat' dir='ltr'><strong>discessum</strong></span> <span class='ocrx_word' id='word_1_317' title='bbox 1018 4004 1100 4049; x_wconf 89' lang='lat' dir='ltr'><strong>suum</strong></span> <span class='ocrx_word' id='word_1_318' title='bbox 1115 3990 1329 4066; x_wconf 81' lang='lat' dir='ltr'><strong>nmandnrsrst,</strong></span> <span class='ocrx_word' id='word_1_319' title='bbox 1351 3990 1477 4051; x_wconf 81' lang='lat' dir='ltr'><strong>nondum</strong></span> 
     </span>
     <span class='ocr_line' id='line_1_32' title="bbox 301 4077 1476 4173; baseline 0 -16"><span class='ocrx_word' id='word_1_320' title='bbox 301 4112 438 4159; x_wconf 77' lang='lat' dir='ltr'><strong>novemus</strong></span> <span class='ocrx_word' id='word_1_321' title='bbox 455 4093 567 4171; x_wconf 73' lang='lat' dir='ltr'><strong>meret,</strong></span> <span class='ocrx_word' id='word_1_322' title='bbox 596 4112 700 4158; x_wconf 78' lang='lat' dir='ltr'><strong>aureos</strong></span> <span class='ocrx_word' id='word_1_323' title='bbox 721 4098 823 4173; x_wconf 70' lang='lat' dir='ltr'><strong>uiginti</strong></span> <span class='ocrx_word' id='word_1_324' title='bbox 845 4101 947 4157; x_wconf 87' lang='lat' dir='ltr'><strong>mutuo</strong></span> <span class='ocrx_word' id='word_1_325' title='bbox 968 4077 1113 4173; x_wconf 77' lang='lat' dir='ltr'><strong>dedimus,</strong></span> <span class='ocrx_word' id='word_1_326' title='bbox 1138 4096 1295 4158; x_wconf 80' lang='lat' dir='ltr'><strong>Wnldeoiae</strong></span> <span class='ocrx_word' id='word_1_327' title='bbox 1322 4096 1476 4173; x_wconf 80' lang='lat' dir='ltr'><strong>retenturi,</strong></span> 
     </span>
     <span class='ocr_line' id='line_1_33' title="bbox 301 4200 1475 4280; baseline -0.002 -17"><span class='ocrx_word' id='word_1_328' title='bbox 301 4203 383 4280; x_wconf 85' lang='lat' dir='ltr'><strong>quod</strong></span> <span class='ocrx_word' id='word_1_329' title='bbox 397 4205 428 4261; x_wconf 87' lang='lat' dir='ltr'><strong>et</strong></span> <span class='ocrx_word' id='word_1_330' title='bbox 441 4201 518 4263; x_wconf 83' lang='lat' dir='ltr'><strong>bons</strong></span> <span class='ocrx_word' id='word_1_331' title='bbox 531 4200 590 4263; x_wconf 85' lang='lat' dir='ltr'><strong>fids</strong></span> <span class='ocrx_word' id='word_1_332' title='bbox 604 4200 711 4263; x_wconf 86' lang='lat' dir='ltr'><strong>isotum</strong></span> <span class='ocrx_word' id='word_1_333' title='bbox 725 4207 778 4262; x_wconf 87' lang='lat' dir='ltr'><strong>est.</strong></span> <span class='ocrx_word' id='word_1_334' title='bbox 808 4202 984 4277; x_wconf 60' lang='lat' dir='ltr'><strong>notavimus</strong></span> <span class='ocrx_word' id='word_1_335' title='bbox 999 4219 1113 4279; x_wconf 84' lang='lat' dir='ltr'><strong>qnoque</strong></span> <span class='ocrx_word' id='word_1_336' title='bbox 1128 4204 1251 4263; x_wconf 84' lang='lat' dir='ltr'><strong>eundem</strong></span> <span class='ocrx_word' id='word_1_337' title='bbox 1264 4207 1298 4262; x_wconf 90' lang='lat' dir='ltr'><strong>ut</strong></span> <span class='ocrx_word' id='word_1_338' title='bbox 1311 4201 1409 4262; x_wconf 86' lang='lat' dir='ltr'><strong>uxoris</strong></span> <span class='ocrx_word' id='word_1_339' title='bbox 1423 4216 1475 4261; x_wconf 92' lang='lat' dir='ltr'><strong>no·</strong></span> 
     </span>
     <span class='ocr_line' id='line_1_34' title="bbox 300 4304 1476 4385; baseline 0 -16"><span class='ocrx_word' id='word_1_340' title='bbox 300 4314 374 4369; x_wconf 77' lang='lat' dir='ltr'><strong>stre</strong></span> <span class='ocrx_word' id='word_1_341' title='bbox 388 4311 421 4367; x_wconf 89' lang='lat' dir='ltr'><strong>et</strong></span> <span class='ocrx_word' id='word_1_342' title='bbox 431 4304 530 4367; x_wconf 77' lang='lat' dir='ltr'><strong>lilioloe</strong></span> <span class='ocrx_word' id='word_1_343' title='bbox 544 4307 725 4383; x_wconf 72' lang='lat' dir='ltr'><strong>cantune,</strong></span> <span class='ocrx_word' id='word_1_344' title='bbox 748 4309 830 4382; x_wconf 83' lang='lat' dir='ltr'><strong>cnjus</strong></span> <span class='ocrx_word' id='word_1_345' title='bbox 843 4308 1025 4385; x_wconf 65' lang='lat' dir='ltr'><strong>notisnotis</strong></span> <span class='ocrx_word' id='word_1_346' title='bbox 1047 4312 1195 4383; x_wconf 85' lang='lat' dir='ltr'><strong>susceptor</strong></span> <span class='ocrx_word' id='word_1_347' title='bbox 1209 4306 1277 4382; x_wconf 85' lang='lat' dir='ltr'><strong>fuit,</strong></span> <span class='ocrx_word' id='word_1_348' title='bbox 1301 4320 1398 4366; x_wconf 78' lang='lat' dir='ltr'><strong>cursus</strong></span> <span class='ocrx_word' id='word_1_349' title='bbox 1412 4320 1476 4369; x_wconf 85' lang='lat' dir='ltr'><strong>oum</strong></span> 
     </span>
     <span class='ocr_line' id='line_1_35' title="bbox 301 4410 1477 4487; baseline -0.003 -13"><span class='ocrx_word' id='word_1_350' title='bbox 301 4417 368 4474; x_wconf 82' lang='lat' dir='ltr'><strong>tots</strong></span> <span class='ocrx_word' id='word_1_351' title='bbox 382 4414 510 4474; x_wconf 62' lang='lat' dir='ltr'><strong>muns</strong></span> <span class='ocrx_word' id='word_1_352' title='bbox 524 4418 626 4474; x_wconf 81' lang='lat' dir='ltr'><strong>nostro</strong></span> <span class='ocrx_word' id='word_1_353' title='bbox 640 4415 694 4475; x_wconf 87' lang='lat' dir='ltr'><strong>sibi</strong></span> <span class='ocrx_word' id='word_1_354' title='bbox 708 4410 935 4475; x_wconf 75' lang='lat' dir='ltr'><strong>oommsudntim</strong></span> <span class='ocrx_word' id='word_1_355' title='bbox 949 4430 1012 4476; x_wconf 83' lang='lat' dir='ltr'><strong>esse</strong></span> <span class='ocrx_word' id='word_1_356' title='bbox 1026 4416 1105 4475; x_wconf 79' lang='lat' dir='ltr'><strong>velit.</strong></span> <span class='ocrx_word' id='word_1_357' title='bbox 1137 4412 1246 4474; x_wconf 88' lang='lat' dir='ltr'><strong>Obtulit</strong></span> <span class='ocrx_word' id='word_1_358' title='bbox 1260 4416 1404 4487; x_wconf 69' lang='lat' dir='ltr'><strong>proteres</strong></span> <span class='ocrx_word' id='word_1_359' title='bbox 1417 4416 1477 4472; x_wconf 81' lang='lat' dir='ltr'><strong>tsn</strong></span> 
     </span>
     <span class='ocr_line' id='line_1_36' title="bbox 300 4518 1477 4598; baseline 0 -19"><span class='ocrx_word' id='word_1_360' title='bbox 300 4535 357 4598; x_wconf 75' lang='lat' dir='ltr'><strong>pm</strong></span> <span class='ocrx_word' id='word_1_361' title='bbox 371 4520 515 4579; x_wconf 67' lang='lat' dir='ltr'><strong>loannem</strong></span> <span class='ocrx_word' id='word_1_362' title='bbox 529 4518 640 4579; x_wconf 82' lang='lat' dir='ltr'><strong>lineum</strong></span> <span class='ocrx_word' id='word_1_363' title='bbox 662 4520 705 4580; x_wconf 87' lang='lat' dir='ltr'><strong>illi</strong></span> <span class='ocrx_word' id='word_1_364' title='bbox 719 4521 884 4596; x_wconf 67' lang='lat' dir='ltr'><strong>assistetis,</strong></span> <span class='ocrx_word' id='word_1_365' title='bbox 909 4536 995 4596; x_wconf 86' lang='lat' dir='ltr'><strong>qusm</strong></span> <span class='ocrx_word' id='word_1_366' title='bbox 1014 4536 1069 4596; x_wconf 81' lang='lat' dir='ltr'><strong>per</strong></span> <span class='ocrx_word' id='word_1_367' title='bbox 1091 4522 1181 4579; x_wconf 85' lang='lat' dir='ltr'><strong>semet</strong></span> <span class='ocrx_word' id='word_1_368' title='bbox 1200 4520 1306 4595; x_wconf 86' lang='lat' dir='ltr'><strong>ipsum,</strong></span> <span class='ocrx_word' id='word_1_369' title='bbox 1326 4518 1352 4577; x_wconf 91' lang='lat' dir='ltr'><strong>si</strong></span> <span class='ocrx_word' id='word_1_370' title='bbox 1367 4530 1477 4579; x_wconf 72' lang='lat' dir='ltr'><strong>summo</strong></span> 
     </span>
     <span class='ocr_line' id='line_1_37' title="bbox 301 4624 1477 4703; baseline -0.003 -16"><span class='ocrx_word' id='word_1_371' title='bbox 301 4624 483 4703; x_wconf 74' lang='lat' dir='ltr'><strong>pecuniosis,</strong></span> <span class='ocrx_word' id='word_1_372' title='bbox 499 4640 586 4699; x_wconf 80' lang='lat' dir='ltr'><strong>quum</strong></span> <span class='ocrx_word' id='word_1_373' title='bbox 600 4640 691 4685; x_wconf 82' lang='lat' dir='ltr'><strong>oaeser</strong></span> <span class='ocrx_word' id='word_1_374' title='bbox 706 4641 724 4684; x_wconf 87' lang='lat' dir='ltr'><strong>s</strong></span> <span class='ocrx_word' id='word_1_375' title='bbox 738 4626 821 4687; x_wconf 84' lang='lat' dir='ltr'><strong>nonis</strong></span> <span class='ocrx_word' id='word_1_376' title='bbox 836 4626 976 4703; x_wconf 72' lang='lat' dir='ltr'><strong>exigeret,</strong></span> <span class='ocrx_word' id='word_1_377' title='bbox 999 4626 1089 4685; x_wconf 91' lang='lat' dir='ltr'><strong>minui</strong></span> <span class='ocrx_word' id='word_1_378' title='bbox 1103 4641 1162 4685; x_wconf 92' lang='lat' dir='ltr'><strong>nou</strong></span> <span class='ocrx_word' id='word_1_379' title='bbox 1175 4628 1282 4701; x_wconf 78' lang='lat' dir='ltr'><strong>posset,</strong></span> <span class='ocrx_word' id='word_1_380' title='bbox 1298 4640 1352 4686; x_wconf 87' lang='lat' dir='ltr'><strong>neo</strong></span> <span class='ocrx_word' id='word_1_381' title='bbox 1364 4630 1477 4701; x_wconf 82' lang='lat' dir='ltr'><strong>putrem</strong></span> 
     </span>
     <span class='ocr_line' id='line_1_38' title="bbox 299 4728 1478 4807; baseline -0.003 -13"><span class='ocrx_word' id='word_1_382' title='bbox 299 4731 362 4795; x_wconf 80' lang='lat' dir='ltr'><strong>ison</strong></span> <span class='ocrx_word' id='word_1_383' title='bbox 384 4745 418 4791; x_wconf 86' lang='lat' dir='ltr'><strong>se</strong></span> <span class='ocrx_word' id='word_1_384' title='bbox 438 4731 509 4794; x_wconf 84' lang='lat' dir='ltr'><strong>mihi</strong></span> <span class='ocrx_word' id='word_1_385' title='bbox 531 4728 710 4807; x_wconf 80' lang='lat' dir='ltr'><strong>(infuturum,</strong></span> <span class='ocrx_word' id='word_1_386' title='bbox 734 4748 793 4807; x_wconf 83' lang='lat' dir='ltr'><strong>quo</strong></span> <span class='ocrx_word' id='word_1_387' title='bbox 815 4732 963 4795; x_wconf 79' lang='lat' dir='ltr'><strong>levisset</strong></span> <span class='ocrx_word' id='word_1_388' title='bbox 987 4746 1097 4791; x_wconf 79' lang='lat' dir='ltr'><strong>summa</strong></span> <span class='ocrx_word' id='word_1_389' title='bbox 1117 4729 1328 4792; x_wconf 84' lang='lat' dir='ltr'><strong>oomsdsrotur.</strong></span> <span class='ocrx_word' id='word_1_390' title='bbox 1367 4729 1478 4792; x_wconf 77' lang='lat' dir='ltr'><strong>Praetsr</strong></span> 
     </span>
     <span class='ocr_line' id='line_1_39' title="bbox 301 4835 1478 4915; baseline -0.003 -14"><span class='ocrx_word' id='word_1_391' title='bbox 301 4841 369 4901; x_wconf 67' lang='lat' dir='ltr'><strong>lune</strong></span> <span class='ocrx_word' id='word_1_392' title='bbox 381 4835 469 4914; x_wconf 77' lang='lat' dir='ltr'><strong>potiit</strong></span> <span class='ocrx_word' id='word_1_393' title='bbox 481 4840 516 4896; x_wconf 89' lang='lat' dir='ltr'><strong>ut</strong></span> <span class='ocrx_word' id='word_1_394' title='bbox 537 4836 669 4899; x_wconf 84' lang='lat' dir='ltr'><strong>omnibus</strong></span> <span class='ocrx_word' id='word_1_395' title='bbox 690 4836 850 4911; x_wconf 83' lang='lat' dir='ltr'><strong>uiribusin</strong></span> <span class='ocrx_word' id='word_1_396' title='bbox 864 4837 920 4901; x_wconf 87' lang='lat' dir='ltr'><strong>hoo</strong></span> <span class='ocrx_word' id='word_1_397' title='bbox 933 4838 1097 4901; x_wconf 83' lang='lat' dir='ltr'><strong>incumbere</strong></span> <span class='ocrx_word' id='word_1_398' title='bbox 1111 4836 1215 4915; x_wconf 81' lang='lat' dir='ltr'><strong>uelim,</strong></span> <span class='ocrx_word' id='word_1_399' title='bbox 1231 4853 1273 4905; x_wconf 65' lang='lat' dir='ltr'><strong>,no</strong></span> <span class='ocrx_word' id='word_1_400' title='bbox 1288 4850 1346 4911; x_wconf 85' lang='lat' dir='ltr'><strong>qus</strong></span> <span class='ocrx_word' id='word_1_401' title='bbox 1360 4838 1478 4901; x_wconf 74' lang='lat' dir='ltr'><strong>nomita-</strong></span> 
     </span>
    </p>
   </div>
   <div class='ocr_carea' id='block_1_3' title="bbox 0 0 1854 5692">
    <p class='ocr_par' dir='ltr' id='par_1_4' title="bbox 0 0 1854 5692">
     <span class='ocr_line' id='line_1_40' title="bbox 0 0 1854 5692; baseline 0 1"><span class='ocrx_word' id='word_1_402' title='bbox 0 0 1854 5692; x_wconf 95' lang='lat' dir='ltr'><strong> </strong></span> 
     </span>
    </p>
   </div>
  </div>
 </body>
</html>
