3700 5692
944 710 1011 777 256

389 892 532 968 splendidi
544 892 704 954 Romulida
718 895 846 967 quamvis
861 893 1029 953 charissimo
1037 894 1132 969 pretio
1146 894 1261 955 sibilina
1275 895 1419 957 uolumina
1433 897 1556 957 asbma-

387 1001 460 1058 tioni
475 999 593 1060 duxero.
633 998 691 1058 Sed
705 997 742 1058 de
756 999 801 1058 bis
815 999 895 1059 satis.
933 998 1135 1059 Valetudinem
1150 1000 1178 1061 d.
1195 1007 1216 1061 t.
1233 1016 1319 1075 qnam
1333 1018 1352 1060 a
1367 1002 1423 1061 deo
1437 1017 1556 1076 prospe-

387 1122 450 1165 ram
464 1120 559 1179 spero,
576 1103 649 1163 scire
664 1120 749 1178 aveo,
770 1108 800 1163 et
813 1120 910 1164 rerum
931 1110 1045 1165 tuarum
1059 1102 1204 1165 fortunam
1219 1107 1367 1167 ecclesiam
1383 1106 1491 1167 domini
1506 1106 1558 1167 tibi

388 1227 487 1270 curam
509 1212 659 1284 causacio,
686 1208 875 1290 etdominnm
889 1211 933 1269 tui
948 1210 1095 1271 custodem
1116 1208 1192 1286 fore,
1213 1216 1314 1272 nostra
1333 1211 1428 1273 adbuc
1443 1211 1558 1273 cbristo

387 1318 495 1391 gratia,
518 1317 701 1377 mediocriter
722 1316 843 1376 ccdesia
861 1316 954 1391 viget,
979 1322 1012 1376 ut
1030 1320 1127 1377 tamen
1147 1316 1255 1379 domini
1275 1318 1368 1379 nostri
1381 1318 1558 1379 consuetudo

387 1428 440 1497 cst,
456 1438 514 1481 non
528 1422 601 1482 adeo
616 1438 768 1482 numerosa
782 1422 853 1481 viris
869 1422 1126 1483 concionatoribus.

478 1529 561 1602 Quod
575 1533 670 1588 autem
685 1528 770 1588 modo
784 1528 813 1587 d.
828 1533 850 1587 t.
867 1529 1069 1603 occupationes
1082 1529 1263 1601 interrumpo
1276 1543 1379 1588 caussa
1393 1533 1439 1587 est
1454 1543 1559 1603 oppor-

387 1634 496 1694 tunitas
517 1650 584 1693 nam
606 1634 653 1693 bic
675 1634 856 1693 amanuensis
875 1638 975 1693 nostor
996 1636 1045 1706 qui
1065 1639 1131 1708 post
1150 1635 1259 1695 obitum
1279 1633 1406 1711 priorum
1423 1638 1453 1693 et
1474 1633 1557 1693 nobis

386 1737 515 1799 fidelium
533 1739 691 1799 Hermanni
710 1739 797 1800 Nellii
817 1745 847 1799 ct
861 1738 960 1799 Oalcbi
975 1738 1138 1814 Tryopheri
1160 1738 1242 1800 nobis
1261 1741 1292 1799 ln
1304 1740 1384 1813 iusta
1397 1739 1496 1797 munia
1511 1754 1556 1797 se-

387 1845 504 1904 creturii
517 1861 610 1917 nuper
624 1845 741 1906 obvenit
758 1846 942 1920 patriamne
956 1845 1068 1908 semen
1083 1846 1213 1921 potierit,
1237 1848 1268 1907 ct
1280 1860 1339 1909 nou
1352 1845 1450 1905 multis
1464 1845 1556 1905 milia-

386 1950 469 2012 ribus
489 1968 509 2010 a
527 1955 624 2010 vestm
643 1952 768 2027 ditione,
792 1950 946 2024 dibabitat‚
972 1951 1014 2011 illi
1031 1950 1206 2026 iniunximus
1221 1956 1254 2012 ut
1267 1952 1423 2027 promissas
1442 1948 1560 2010 chartas

388 2056 417 2117 d
432 2061 454 2115 t
470 2053 599 2116 adferret
612 2058 658 2115 cni
671 2055 760 2117 fidem
772 2057 897 2133 habeas,
917 2063 949 2118 et
963 2058 1024 2130 ejas
1040 2062 1069 2117 et
1082 2071 1155 2119 mem
1170 2057 1324 2121 stoliditati
1337 2058 1472 2131 ignoscas
1486 2071 1559 2131 rogo

387 2164 506 2236 erratis,
532 2177 654 2235 qnorum
667 2163 782 2238 cophini
796 2177 856 2223 non
868 2164 920 2223 uni
942 2159 1043 2223 rotomi
1062 2167 1129 2223 aunt
1151 2178 1205 2237 pro
1223 2167 1276 2223 tna
1295 2167 1420 2237 pamma
1433 2162 1562 2223 amicitia
1662 2196 1663 2255 ἰ

386 2269 510 2343 ignosco.
537 2268 640 2330 Salvus
662 2268 738 2329 domi
758 2268 885 2329 cadesim
900 2274 930 2329 ct
949 2266 1020 2328 foris
1041 2269 1183 2343 perpetim
1197 2268 1229 2327 in
1243 2266 1358 2329 domino
1373 2269 1412 2327 sis
1427 2284 1463 2329 ac
1475 2268 1560 2328 valet

387 2374 501 2434 Salutat
517 2378 645 2435 tccosta
663 2380 772 2435 noema
783 2372 953 2435 charissima
966 2371 1122 2434 Anastasia
1144 2374 1248 2435 iterum
1262 2372 1464 2447 Eubulumquc
1477 2378 1561 2433 mum
1662 2386 1663 2459 J

386 2495 452 2539 essa
466 2481 548 2555 scito,
564 2485 728 2541 nostrorum
741 2481 915 2540 omninmin
930 2478 1153 2553 precationibus
1166 2479 1224 2539 tuis
1239 2480 1279 2539 sis
1292 2494 1411 2541 memor.
1449 2478 1561 2539 Datum
1662 2488 1663 2491 ’

386 2590 418 2644 ct
441 2583 600 2646 exhibitum
626 2585 790 2660 Iaenbargae
818 2588 857 2645 18
879 2584 1005 2661 Augusti
1031 2600 1107 2647 anuo
1133 2584 1233 2647 sunus
1261 2588 1370 2645 nmuae
1395 2584 1560 2660 millesimo,

386 2689 614 2764 quingentesimo
627 2691 804 2765 sanguino
818 2695 931 2765 quarto.

1228 2779 1266 2839 D.
1283 2779 1317 2839 T.
1334 2779 1448 2841 deditus

1151 2884 1286 2947 Wolradt
1298 2901 1326 2959 g.
1341 2902 1367 2945 a.
1383 2884 1526 2945 Waldcck

1120 3048 1126 3053 .
1210 3007 1297 3051 manu
1311 2991 1439 3065 propria.

430 3095 507 3157 Vara
519 3096 569 3169 pio
584 3101 614 3156 ct
629 3094 793 3157 doctissimo
803 3095 1052 3176 ‚celeberrimaque
1072 3093 1109 3155 dc

386 3202 506 3262 aaran
520 3200 628 3262 onan
640 3202 748 3276 opums
761 3201 865 3261 marm
878 3200 1108 3261 commoremur
1128 3180 1130 3186 '

385 3307 505 3368 Brentio
524 3307 756 3383 wirtembergici
777 3307 898 3368 ducatus
922 3296 1107 3366 ecclesiarum

386 3413 508 3473 unusual
522 3429 646 3488 summo,
667 3412 789 3473 colendo
803 3412 882 3488 patri
895 3414 926 3471 et
940 3411 1031 3471 amico
1046 3426 1108 3471 suo.
