3700 5692
945 689 995 753 ³24

386 891 482 950 cansa,
498 873 600 948 inquit,
615 872 647 930 in
660 872 846 957 imperatoria
856 871 1007 945 majestate
1020 871 1075 932 sita
1088 875 1140 932 est.
1173 867 1256 943 Quod
1268 868 1306 930 ad
1314 869 1461 934 electorem
1470 887 1541 950 vere,

385 982 411 1041 si
425 997 473 1043 res
486 980 528 1040 ita
542 982 599 1052 est,
622 984 656 1040 ut
671 977 707 1038 de
727 979 771 1036 his
784 978 860 1038 inter
873 991 924 1037 vos
940 981 1094 1052 tractetur,
1119 977 1187 1038 date
1202 993 1318 1052 operam
1333 984 1366 1036 ut
1380 975 1543 1039 Celoniemls

384 1086 466 1148 vebis
480 1085 587 1146 amiam
606 1083 755 1144 reddatur.
793 1082 900 1142 Postea
914 1084 940 1142 si
955 1082 1024 1157 quid
1043 1082 1082 1142 ad
1102 1083 1415 1144 excusationemvestri
1432 1083 1543 1160 habetis,

385 1190 503 1264 concilio
517 1190 660 1265 imperiali
673 1187 782 1249 offerte.
820 1188 878 1248 Ubi
892 1204 978 1248 cansa
998 1189 1036 1248 ad
1055 1205 1107 1248 nos
1131 1188 1265 1249 devoluta
1284 1184 1387 1264 merit,
1410 1205 1461 1264 ege
1476 1189 1543 1250 dabo

385 1312 512 1370 operam,
528 1299 561 1354 ut
575 1295 613 1354 ad
625 1296 828 1368 imperatorem
842 1291 998 1368 deleratur,
1015 1295 1080 1352 etsi
1095 1281 1243 1367 quidboni
1257 1293 1311 1354 hae
1325 1295 1356 1354 in
1369 1299 1543 1368 repraestare

386 1417 497 1477 queam,
514 1380 657 1475 experiar.
687 1400 760 1457 Tum
774 1397 924 1458 Liberius:
939 1399 1187 1460 Reverendissime
1201 1399 1318 1474 presul,
1334 1399 1448 1458 comita
1462 1399 1544 1458 nestri

385 1523 444 1568 nen
458 1512 526 1566 sunt
540 1521 640 1566 mum
654 1503 829 1578 facultatum,
845 1510 879 1563 ut
892 1504 939 1563 hic
952 1505 1052 1579 longas
1067 1520 1164 1568 moras
1176 1509 1292 1566 nsctme
1308 1510 1422 1580 queant.
1460 1506 1546 1581 Quare

386 1619 488 1690 petunt
501 1610 741 1672 reverendissima
751 1610 789 1669 Il.
802 1610 836 1670 V.
852 1610 930 1684 apud
944 1625 1098 1670 caesaream
1108 1613 1288 1686 majestatem
1303 1613 1446 1688 negotium
1462 1617 1545 1672 matu·

385 1736 453 1780 rare
468 1719 610 1794 dignetur.
647 1715 695 1775 Ad
709 1716 771 1774 haec
783 1715 997 1789 Atrebatensis,
1017 1717 1099 1789 quasi
1113 1715 1336 1793 subiracundus,
1351 1734 1410 1779 nen
1424 1717 1548 1790 arbitror,

385 1826 488 1900 iuquit,
499 1838 653 1899 generosos
668 1822 783 1881 comites
797 1821 948 1882 rebellioni
963 1823 1169 1882 contumaciam
1180 1821 1338 1898 adiungere
1347 1823 1430 1897 velle,
1445 1829 1476 1882 ut
1489 1828 1548 1882 ante

386 1919 557 2006 responsum
570 1929 725 1989 manuam
741 1927 855 1987 Caesare
870 1928 985 1988 abeant.
1009 1928 1101 2002 Igitur
1115 1927 1250 1988 Liberius
1264 1927 1432 2002 petitionem
1445 1928 1550 1988 iteravit

386 2040 416 2096 et
435 2033 636 2096 atrebetensis
657 2051 693 2094 ex
714 2034 837 2110 hospitio
864 2033 960 2092 crivit.
1007 2033 1186 2100 Waldeeiani
1211 2033 1367 2110 hospitium
1387 2031 1549 2092 mmcbionis

386 2141 520 2201 electoris
540 2140 653 2215 adiere,
682 2139 799 2200 siforte
819 2141 972 2200 electorem
992 2139 1155 2213 alloquendi
1177 2138 1260 2198 nobis
1279 2139 1363 2212 copia
1382 2136 1478 2213 fieret,
1505 2135 1551 2197 sed

385 2247 482 2307 nullus
496 2249 654 2308 audoenum
673 2263 827 2323 procerum
840 2247 956 2319 ademt,
978 2245 1028 2319 qui
1042 2250 1170 2306 nostram
1184 2245 1370 2319 praesentiam
1384 2244 1498 2305 electori
1510 2243 1549 2304 iu·

387 2351 485 2413 dicare
498 2358 605 2428 posset.

477 2457 578 2518 Comes
597 2458 759 2531 aNassau,
783 2456 862 2531 qnod
874 2457 962 2517 variis
977 2457 1099 2532 negotiis
1117 2457 1353 2530 occupatissimus
1374 2459 1463 2528 asset,
1485 2450 1552 2512 aditi

386 2568 577 2639 nonpeterst
600 2561 902 2638 Reperimusindomc
908 2559 1107 2624 Atrebatsnsis
1120 2563 1264 2622 doctorem
1273 2561 1439 2635 Philippum
1447 2555 1550 2618 Saldan.

477 2667 665 2729 Wendelinus
678 2667 820 2728 etFlerus
830 2666 1012 2728 archiducem
1020 2668 1247 2728 Maximilianum
1255 2667 1437 2727 dominorum
1448 2664 1552 2726 nemina

387 2789 474 2837 erare
486 2773 631 2848 velebant,
646 2779 680 2834 ut
688 2773 767 2848 apud
778 2789 877 2849 regem
888 2777 1001 2849 patrem
1013 2774 1105 2834 nostri
1117 2773 1271 2834 dementer
1283 2773 1447 2832 meminisse
1460 2770 1550 2844 digna·

387 2883 483 2954 retur,
499 2895 598 2938 verum
611 2879 637 2938 is
652 2879 683 2937 in
692 2878 759 2939 leco
774 2879 887 2939 concilii
901 2895 960 2940 nen
975 2879 1086 2940 aderat.

475 2983 587 3044 Eadem
604 3000 679 3043 unus
698 2989 729 3044 et
747 2985 822 3045 alter
842 2985 947 3044 civium
964 2982 1103 3059 Angusta
1122 3001 1175 3062 per
1189 2984 1348 3044 Hammeum
1364 2983 1501 3046 ananan
1521 2981 1553 3040 de

387 3093 446 3153 situ
466 3091 571 3150 montis
592 3090 730 3165 Isenberg
752 3095 781 3150 et
802 3091 920 3150 mineris
943 3091 1008 3150 auri
1030 3091 1107 3150 circa
1128 3089 1318 3151 Oerbaehium
1347 3088 1553 3165 diligentissime

387 3196 524 3257 sciscitati
545 3200 625 3270 sunt,
648 3198 744 3256 conati
764 3197 910 3258 nobiscum
923 3195 1134 3256 conditionibus
1152 3212 1255 3271 agere,
1280 3211 1381 3256 verum
1403 3195 1471 3270 quia
1490 3191 1554 3254 mihi

387 3307 531 3378 praesente
545 3317 614 3362 ursa
628 3302 738 3363 catulos
753 3301 905 3363 estendere
923 3303 1018 3366 minus
1035 3303 1195 3364 consultum
1208 3301 1376 3378 uidebatur,
1399 3302 1475 3362 bona
1490 3299 1553 3360 daus

266 3415 270 3421 “
387 3407 477 3469 verbs
491 3423 541 3468 eos
555 3413 621 3482 post
638 3423 751 3466 menses
765 3407 891 3482 aliquot,
914 3409 940 3467 si
955 3407 1024 3481 quid
1039 3408 1178 3482 ejusmodi
1199 3414 1350 3484 cuperent,
1374 3409 1406 3468 in
1426 3389 1554 3467 comitatu
1650 3481 1651 3498 ἵ

387 3518 487 3574 necue
503 3529 633 3587 quaerere
652 3528 705 3572 nos
716 3510 895 3586 jubebamus.

477 3617 662 3678 Sebastianus
676 3618 750 3678 Mali
764 3619 927 3693 quingentis
943 3619 1038 3680 aureis
1053 3635 1071 3678 a
1085 3617 1269 3679 Fordinando
1283 3634 1355 3694 rege
1371 3618 1493 3680 donatus
1506 3621 1553 3677 est.

388 3721 529 3811 Probeet
541 3723 587 3783 bis
601 3726 687 3782 notua
707 3729 771 3783 erat
786 3724 868 3783 Hans
882 3723 975 3784 Krall.
1013 3724 1089 3784 Nam
1106 3722 1138 3783 bi
1157 3729 1226 3784 ante
1245 3740 1338 3784 annes
1356 3721 1469 3798 aliquot
1482 3721 1552 3800 apud

388 3843 441 3888 nes
455 3829 487 3888 in
501 3842 569 3888 arce
582 3833 682 3888 nostra
696 3829 836 3904 Isenberg
850 3833 943 3890 crant.

476 3929 600 4008 Eadem,
622 3932 690 3992 dum
703 3949 722 3993 a
736 3950 819 3996 coena
832 3941 946 4012 partem
967 3935 1046 3996 urbis
1069 3949 1133 3994 eum
1152 3934 1297 3998 sodalibus
1312 3935 1385 3995 meis
1400 3932 1552 4004 obambulo,

388 4039 464 4100 forte
483 4037 614 4112 adiunxit
633 4054 664 4098 se
678 4040 760 4100 nobis
774 4042 844 4101 civis
865 4017 982 4116 quidam
1004 4039 1191 4116 grandevus,
1215 4042 1261 4099 cui
1283 4041 1423 4115 magister
1446 4039 1553 4114 vigilum

387 4145 483 4205 clares
505 4148 597 4218 portoe
618 4147 845 4220 commendarat,
869 4164 934 4208 curn
955 4161 1012 4221 quq
1033 4147 1115 4206 varia
1137 4146 1173 4206 de
1191 4147 1271 4208 urbis
1288 4146 1429 4220 Augusta
1451 4144 1552 4221 politia,

352 4306 354 4309 ,
382 4242 592 4310 munitionibus
606 4256 660 4311 ete.
683 4253 862 4312 contulimus.
900 4253 929 4312 A
943 4268 1000 4326 que
1021 4267 1084 4311 eum
1103 4253 1180 4313 inter
1198 4249 1384 4313 fabulandum
1404 4250 1440 4312 de
1456 4249 1553 4324 duplici

324 4351 328 4358 '
388 4372 471 4417 muro
485 4358 742 4430 interrogaremus,
763 4358 837 4417 hane
852 4359 913 4431 ejus
931 4359 976 4418 rei
989 4359 1130 4417 rationem
1143 4357 1248 4418 reddit.
1285 4358 1448 4432 Augustam
1461 4355 1554 4415 urbem

388 4477 453 4521 esse
467 4463 623 4537 antiquam,
640 4478 706 4537 quae
716 4463 793 4532 inter
805 4465 908 4538 exigua
919 4463 1012 4538 spatia
1025 4465 1084 4523 suis
1098 4465 1211 4524 moeniis
1223 4470 1252 4524 et
1263 4465 1355 4539 pertis
1366 4465 1461 4523 cincta
1475 4462 1551 4543 esset,

388 4571 422 4625 ut
434 4567 549 4641 ipsimet
558 4567 729 4642 videremus,
744 4572 774 4626 et
787 4567 864 4628 banc
878 4570 946 4628 elim
961 4567 1091 4629 coenobie
1103 4569 1140 4628 D.
1150 4569 1241 4630 Ulriei
1255 4568 1396 4629 dominice
1410 4565 1514 4641 temple
1527 4567 1554 4622 et

389 4671 668 4733 aliisaeclesiastieis
688 4673 882 4734 mansionibus
903 4679 1078 4748 occupatam.
1116 4673 1157 4734 Ut
1171 4676 1320 4750 episeopus
1337 4674 1395 4734 leci
1417 4670 1552 4743 emnejus

391 4774 446 4835 sibi
458 4775 490 4836 in
504 4791 568 4836 sam
581 4793 722 4853 usurpem
735 4784 855 4841 conatus
868 4784 899 4842 et
911 4781 1034 4841 maxime
1048 4781 1199 4842 claudendi
1213 4787 1320 4858 portas,
1334 4779 1385 4843 ubi
1400 4785 1432 4842 et
1445 4775 1552 4854 quando
