3700 5692
838 742 903 811 198

283 931 402 993 verbum
416 878 518 991 {detis
532 928 736 989 annunciabat.
761 926 819 987 Sed
834 926 904 1001 quid
918 892 1033 987 actem?
1057 926 1206 1005 OEamavit,
1223 930 1327 1003 inquit,
1343 929 1455 1002 sapien-

282 1039 325 1097 tia
338 1039 369 1098 in
385 1038 505 1111 plateis,
521 1041 553 1095 at
566 1036 694 1095 loannes
708 1034 837 1108 baptista
851 1034 944 1107 veuit,
968 1035 1013 1093 vir
1028 1038 1152 1093 austerae
1167 1034 1234 1093 vitae
1250 1034 1456 1107 etpraedicans

282 1143 493 1217 poeuitentiamc
524 1140 610 1199 Hunc
628 1140 731 1200 audire
749 1144 885 1199 renuunt.
917 1138 1050 1199 Christus
1069 1140 1148 1199 venit
1167 1140 1244 1197 mitis
1265 1145 1294 1198 et
1316 1139 1456 1214 benignus

283 1248 435 1309 dulcedine
448 1263 503 1307 sua
516 1249 681 1319 peccetores
695 1245 858 1305 muabenm
881 1246 967 1305 Hunc
990 1245 1181 1319 viuipotoram
1197 1250 1227 1305 et
1241 1245 1349 1305 socium
1365 1245 1458 1320 publi

282 1369 421 1414 canorum
434 1368 470 1413 ac
483 1352 667 1414 meretricum
680 1357 795 1424 vocant,
812 1351 973 1411 doctrinam
988 1350 1050 1423 ejus
1065 1350 1230 1419 seditiosam
1245 1351 1353 1425 dicum,
1369 1350 1455 1409 bauc-

281 1458 437 1519 facientem
450 1457 584 1517 omnibus
599 1462 630 1516 et
643 1458 763 1517 verbum
777 1456 923 1517 miraculis
938 1454 1170 1530 confirmantem,
1186 1457 1269 1515 cacis
1283 1456 1375 1516 visum
1390 1456 1456 1515 red·

281 1566 413 1639 dentem
436 1564 569 1639 leprosos
589 1562 788 1637 mundantem,
813 1563 958 1623 mutones
981 1563 1142 1635 ejicientem
1162 1562 1333 1622 daemonium
1347 1562 1456 1624 habere

282 1669 479 1731 caederentur
494 1675 548 1729 etc
578 1670 619 1728 Et
633 1668 674 1727 sic
689 1675 722 1728 ut
734 1669 874 1728 Dominus
888 1671 951 1743 ipse
973 1670 1028 1728 ait:
1054 1669 1166 1729 Similes
1184 1668 1253 1729 faeti
1273 1674 1340 1729 sunt
1360 1669 1457 1743 pueris

281 1780 312 1837 in
331 1777 429 1851 platea
448 1774 615 1835 sedentibus
634 1781 664 1835 et
684 1774 845 1835 dicentibus
865 1774 1010 1834 sodalibus
1030 1776 1102 1833 suis:
1127 1774 1286 1834 Occiuimus
1308 1775 1402 1849 vebia,
1428 1780 1458 1834 et

281 1897 341 1941 uon
356 1881 498 1954 saltatim,
520 1881 696 1955 ploravimus
710 1887 813 1963 etnon
827 1882 950 1939 luxistis.
981 1880 1021 1939 Et
1033 1892 1122 1953 quam
1137 1862 1237 1954 timeo,
1254 1882 1357 1955 inquit,
1375 1897 1412 1939 ne
1428 1888 1457 1939 ct

282 1986 449 2047 Germania
462 1987 518 2045 hoe
532 1988 563 2045 in
577 2000 660 2045 suum
674 1986 768 2045 sinum
782 1983 902 2045 diffluat.
934 1985 981 2044 Ex
1000 1985 1089 2045 multo
1111 1992 1241 2059 tempore
1262 1985 1380 2043 verbum
1403 1984 1455 2044 do·

281 2093 352 2153 mini
367 2094 480 2151 sincere
493 2092 653 2153 audivimus
668 2095 699 2150 et
713 2106 771 2149 uon
792 2102 943 2165 possumus
964 2091 1157 2165 ignorantiam
1177 2091 1374 2166 praetendare,
1400 2091 1456 2149 nisi

280 2196 360 2257 iorte
373 2199 413 2273 bi,
429 2196 534 2271 quibus
547 2196 579 2255 id
593 2196 694 2257 audire
708 2195 851 2257 stridere
866 2214 924 2256 non
938 2197 1014 2257 licet.
1040 2194 1111 2255 Cum
1125 2213 1194 2257 vero
1204 2212 1281 2255 nunc
1291 2196 1453 2270 persecutio

280 2305 386 2377 instet,
410 2300 598 2377 advigilamus
613 2309 642 2362 et
661 2318 824 2375 caveamus,
846 2319 884 2361 na
904 2304 941 2363 ab
963 2318 997 2361 eo
1015 2300 1188 2362 relabamur.
1218 2302 1339 2361 Addidit
1358 2307 1454 2362 autem

282 2407 417 2469 Christus
431 2386 509 2467 nunc
526 2426 584 2469 non
603 2407 711 2468 habere
730 2408 863 2483 Judaeos,
888 2408 965 2481 quod
986 2415 1104 2482 paccata
1126 2425 1177 2467 suo
1198 2414 1372 2482 praetexant,
1397 2424 1455 2467 nou

282 2514 368 2575 dicit:
390 2513 460 2574 Non
474 2530 506 2573 se
520 2514 711 2588 excusabunt,
730 2507 855 2573 sednon
869 2513 990 2589 habent,
1014 2530 1070 2588 quo
1086 2531 1118 2573 se
1133 2521 1277 2574 excusent.
1309 2514 1396 2573 dliud
1412 2519 1456 2573 est

283 2621 364 2679 euim
378 2625 407 2679 te
421 2636 482 2679 non
502 2634 656 2694 excusare,
679 2625 709 2679 et
729 2621 821 2692 aliud,
844 2636 901 2693 quo
921 2626 952 2680 ta
972 2637 1089 2682 excuses
1112 2638 1169 2681 non
1187 2622 1303 2683 habere.
1342 2621 1456 2680 Natura

282 2726 431 2787 enimbat
445 2727 575 2787 omnibus
590 2730 721 2785 innatum
735 2732 829 2801 estut
841 2728 874 2785 in
888 2730 989 2800 quovis
1006 2729 1109 2789 delicto
1124 2730 1252 2789 homiues
1268 2744 1299 2786 sa
1318 2734 1455 2785 excusare

282 2837 433 2893 macutus.
474 2833 521 2893 Sic
542 2833 652 2908 primus
673 2849 779 2907 parens
799 2839 898 2893 noster
915 2833 1043 2895 Adamus
1066 2836 1230 2908 alloquente
1252 2852 1317 2895 aum
1342 2831 1455 2892 domiuo

282 2938 419 2999 obesum
432 2940 524 3014 pomi,
548 2940 603 2999 ait:
627 2939 753 3013 Mulier„
771 2955 857 3011 quam
873 2939 976 3000 dedisti
991 2941 1074 3014 mihi,
1098 2941 1177 3001 dedit
1195 2942 1265 3000 mihi
1286 2940 1322 2999 de
1342 2938 1455 2997 arbore.

282 3048 350 3109 Eua
363 3051 459 3107 autem
475 3047 560 3107 dixit:
585 3046 710 3120 Serpens
727 3046 841 3119 decepit
860 3064 906 3105 me
925 3052 959 3104 ut
974 3048 1161 3109 comederem.
1186 3046 1290 3107 Genea.
1309 3050 1338 3105 3.
1369 3043 1455 3103 Vide·

283 3170 348 3214 mus
362 3153 438 3213 idem
452 3155 482 3212 in
496 3154 594 3228 pueris
610 3152 792 3226 quantumvis
807 3153 936 3226 tenellis,
959 3153 984 3211 si
999 3152 1069 3225 quid
1084 3152 1265 3226 admiserint,
1288 3152 1382 3211 subito
1406 3166 1454 3208 ax·

283 3260 462 3319 cusationem
473 3260 532 3318 suis
547 3257 702 3317 commissis
717 3261 887 3332 praetexere.
912 3255 970 3315 Sed
984 3273 1042 3315 nou
1058 3259 1098 3315 sic
1113 3274 1165 3316 nos
1180 3274 1308 3331 agamus,
1326 3274 1343 3315 o
1360 3257 1457 3315 dilecti

283 3362 449 3438 inGbristo,
465 3380 655 3438 agnoscamus
668 3362 904 3436 ingratitudinem
918 3366 1046 3421 noemam
1062 3368 1091 3421 et
1104 3379 1157 3420 nos
1171 3378 1234 3421 cum
1250 3367 1326 3421 reste
1341 3360 1379 3420 ad
1395 3362 1452 3419 ool-

284 3468 345 3527 lam
359 3473 427 3529 ante
442 3467 489 3527 dei
503 3467 605 3527 faciem
618 3469 801 3543 projiciamus
816 3469 928 3527 veniam
943 3474 1073 3541 patentes
1088 3485 1198 3542 uosque
1214 3472 1380 3544 peccatores
1406 3484 1456 3541 ag·

284 3577 447 3647 noscentes,
461 3574 511 3631 ille
526 3574 611 3647 enim,
627 3574 677 3645 qni
691 3590 749 3633 non
764 3573 891 3633 audebat
904 3574 942 3633 ad
957 3575 1061 3633 coelum
1076 3575 1173 3633 oculos
1189 3574 1330 3647 attollere,
1348 3573 1457 3645 dicans,

284 3668 371 3738 Deus
381 3684 443 3738 esto
458 3680 599 3753 propitius
614 3679 683 3737 mihi
701 3680 860 3753 peccatori,
877 3661 1055 3753 ¹justificatus
1075 3679 1131 3738 dici
1150 3680 1264 3739 meruit.
1295 3678 1457 3753 Hypoorita

284 3801 356 3845 vero
370 3785 427 3845 isto
440 3800 472 3845 se
487 3799 627 3844 excusans
644 3789 673 3843 et
687 3785 867 3843 sanctitatem
880 3785 1065 3858 praetendens
1080 3786 1253 3864 reprobatus
1268 3783 1347 3843 abiit.
1381 3782 1454 3843 Gou-

285 3891 358 3951 cede
373 3890 460 3965 igitur
475 3891 632 3963 propitius,
657 3906 675 3947 o
691 3889 804 3950 domine
818 3888 898 3965 deus,
913 3898 946 3949 ut
961 3889 1079 3951 uerbum
1094 3897 1174 3950 tuum
1187 3892 1228 3950 'sit
1237 3893 1359 3950 lucerna
1374 3888 1453 3965 pedi·

286 3995 341 4055 bus
356 3996 465 4055 nostris
480 4002 510 4055 et
523 4012 559 4055 eo
573 3996 672 4055 audito
688 3996 854 4069 perenuiter
868 3996 1076 4073 adhereamus,
1092 3996 1177 4071 idque
1192 4014 1245 4073 per
1260 3996 1358 4055 Jesum
1374 3994 1464 4054 Obri-¹

286 4106 363 4163 amm
378 4101 524 4161 domiuum
537 4106 676 4161 nostrum.
699 4100 801 4160 Amen.

348 4221 354 4238 ¹
375 4206 599 4267 Reuemenubus
613 4207 695 4267 nobis
710 4224 728 4267 a
741 4207 848 4283 templo
864 4208 998 4269 Liberius
1014 4208 1128 4269 obviem
1148 4208 1189 4269 fit.
1221 4210 1384 4268 Statuerem
1404 4224 1455 4265 au-

285 4318 345 4373 tem
358 4310 580 4373 suentensem
595 4312 689 4387 adire,
714 4314 842 4373 sedtum
857 4315 1006 4393 consilium
1022 4314 1130 4384 Liborii
1146 4321 1175 4373 et
1195 4312 1271 4385 quod
1293 4312 1404 4385 Viglius
1426 4312 1457 4370 in

285 4419 390 4479 eadem
403 4419 499 4493 platea
512 4420 690 4478 mansionem
705 4434 786 4478 suem
800 4419 920 4495 babeat,
942 4426 1056 4481 secutus
1071 4436 1105 4478 ac
1120 4421 1281 4493 opportune
1296 4417 1408 4489 Viglius
1424 4432 1458 4474 ec

286 4524 392 4584 Seldm
413 4542 472 4584 una
492 4530 559 4584 ante
581 4524 797 4585 hibernaculum
823 4524 906 4583 nobis
930 4526 1041 4585 obviam
1064 4524 1191 4583 veniunt.
1230 4524 1287 4581 Par
1310 4523 1459 4582 Liberium

286 4637 386 4690 autam
399 4630 484 4704 petii,
508 4631 577 4701 quia
589 4630 726 4690 hesterno
741 4631 842 4690 dicad
856 4632 945 4705 pedes
960 4632 1075 4697 casaris
1094 4646 1139 4687 me
1159 4628 1358 4702 conjecissem,
1383 4644 1462 4686 nunc

286 4751 353 4795 eum
367 4734 437 4794 mibi
451 4732 579 4794 favorem
593 4740 746 4809 mactare,
771 4741 804 4794 ut
822 4737 928 4795 litterae
948 4735 1137 4795 absolutionis
1159 4733 1408 4793 conscriberentur
1430 4739 1460 4793 et

284 4839 481 4899 amnonius:
506 4840 663 4915 Quodjam
677 4858 696 4901 a
709 4856 837 4903 cacumen
857 4843 1007 4916 majestate
1029 4845 1162 4915 acceptus
1185 4841 1252 4915 sim,
1278 4846 1307 4899 et
1329 4838 1408 4915 quod
1428 4840 1458 4913 ii,

313 4965 431 5012 uaeas
1206 4948 1245 5006 13
