3700 5692
845 713 890 783 dd

277 902 373 958 mmeu
387 912 442 972 spa
455 896 528 958 lucri
543 902 574 958 et
586 912 624 957 ua
638 896 742 957 malam
757 894 881 958 casaris
895 899 1018 973 pretium
1032 899 1128 976 iniret,
1147 901 1258 979 sorabis,
1274 903 1457 980 pontificibus

277 1010 306 1064 et
318 1003 471 1079 pharisaeis
493 1019 557 1063 cum
578 1019 679 1065 eorum
700 1004 884 1079 complicibus
905 1019 1015 1064 morem
1038 1007 1168 1080 gesserit.
1208 1008 1312 1082 Quales
1332 1015 1363 1072 at
1381 1025 1457 1071 nunc

275 1125 333 1170 non
347 1111 435 1185 pauci
450 1115 479 1170 et
493 1113 592 1169 nostra
606 1114 693 1169 etate
706 1109 904 1185 inveniuntur,
930 1111 980 1184 qui
994 1125 1098 1172 aversa
1118 1127 1137 1170 a
1155 1110 1210 1172 deo
1231 1111 1304 1174 facie
1324 1119 1355 1174 et
1368 1115 1456 1176 corde

273 1213 416 1276 reboante
431 1214 519 1276 etiam
535 1215 664 1289 ipsorum
685 1214 860 1275 conscientia
878 1215 1008 1288 praelatis
1023 1220 1053 1275 et
1068 1217 1293 1292 potentioribus,
1313 1219 1455 1280 inhiantes

271 1320 378 1380 lucello
394 1324 424 1379 at
438 1321 539 1394 opimis
553 1318 713 1380 redditibus
728 1335 836 1393 eornm,
852 1318 1008 1380 colludunt.
1041 1320 1115 1380 Item
1130 1322 1208 1396 quod
1222 1323 1334 1383 Pilatus
1349 1323 1453 1384 Phari·

271 1440 398 1486 saeorum
412 1425 554 1500 petitiorm
567 1440 627 1484 uon
641 1425 733 1499 gratis
751 1427 921 1501 assenserit,
946 1425 1020 1486 sicut
1034 1441 1088 1486 nec
1102 1425 1203 1502 vigiles
1217 1428 1258 1488 ad
1271 1426 1453 1504 sepulchrum

270 1530 381 1606 absque
395 1531 520 1606 pecunia
534 1530 693 1590 custodiam
707 1535 837 1605 egerunt.
878 1530 969 1604 Quem
989 1531 1026 1592 ob
1046 1546 1108 1590 rem
1127 1536 1157 1592 et
1175 1531 1243 1592 olim
1258 1530 1408 1594 Germanis
1422 1536 1453 1595 in

269 1635 460 1711 proverbium
473 1636 589 1697 abierit:
604 1635 756 1697 Niamantz
770 1634 863 1695 sarth
878 1633 929 1695 des
945 1635 1072 1712 heiligen
1079 1634 1172 1696 Guabs
1187 1636 1365 1698 umbsouust.
1390 1638 1453 1712 Quo

268 1741 469 1818 perspicacius
485 1737 601 1800 Christo
619 1740 791 1800 intentatum
806 1739 1017 1800 Pharisaeorum
1037 1740 1215 1802 menducium
1236 1743 1450 1818 agnosceretur,

268 1843 353 1920 dixit,
370 1845 525 1920 discipulos
534 1861 592 1906 uon
601 1827 731 1921 potuisse
745 1844 862 1917 quidem
875 1861 979 1919 corpus
998 1845 1105 1907 domini
1120 1846 1158 1908 ob
1168 1846 1334 1910 advolutum
1349 1863 1464 1908 saxum

267 1951 425 2027 sepulchro
445 1949 524 2010 furto
550 1949 674 2011 aniame.
711 1951 784 2010 Tum
810 1951 900 2025 quod,
928 1951 1039 2012 etiamsi
1061 1950 1219 2012 voluissent
1243 1951 1315 2012 illud
1337 1952 1450 2028 tollere,

267 2062 368 2118 mmen
383 2073 442 2131 quo
456 2062 631 2131 reponerent
645 2071 696 2116 eos
710 2071 768 2115 non
783 2055 927 2116 habuisse.
965 2056 1077 2131 Tertio,
1101 2056 1255 2131 discipulos
1274 2055 1347 2117 adeo
1362 2055 1451 2117 inisse

266 2162 463 2237 meticulosos,
479 2161 636 2221 utdomino
651 2163 738 2221 etism
749 2161 905 2235 prasentia
917 2175 971 2221 sna
983 2164 1013 2220 et
1022 2162 1119 2220 multis
1131 2161 1276 2220 miraculis
1292 2160 1377 2220 editis
1392 2161 1449 2220 illis

266 2267 510 2328 resurreah'ouem
524 2283 605 2326 suam
618 2266 762 2326 inculcare
775 2282 850 2341 pene
864 2265 949 2326 labor
966 2265 1071 2340 fuerit,
1091 2272 1125 2326 ut
1139 2267 1230 2339 liquet
1245 2281 1281 2325 ex
1294 2265 1449 2327 increduli·

265 2377 330 2434 tate
340 2372 460 2433 Thomas
470 2377 524 2432 etc.
547 2372 644 2432 Pauca
658 2369 764 2447 adjecit
777 2371 815 2432 de
829 2369 925 2431 fructu
940 2371 1160 2432 resurrectionis
1170 2369 1278 2431 Christi
1293 2375 1448 2432 attentum

266 2476 448 2552 triumphum
460 2474 541 2536 fideli
556 2482 585 2537 et
599 2476 718 2538 memori
733 2477 820 2538 corde
833 2477 939 2552 saepius
953 2476 1082 2537 recolere
1094 2476 1188 2549 Jussit

359 2583 441 2643 Inter
455 2565 668 2644 obsecrationes
686 2583 741 2642 hoe
760 2580 830 2641 mihi
849 2581 952 2641 mirum
965 2582 996 2641 in
1009 2580 1125 2641 modum
1146 2581 1259 2655 arrisit,
1284 2580 1363 2655 qnod
1385 2581 1448 2654 qui·

268 2688 352 2763 dam,
372 2688 454 2761 cujus
468 2703 572 2748 unmen
588 2687 703 2748 domiuo
717 2691 816 2746 notum
831 2691 888 2761 est,
904 2688 946 2746 sic
960 2686 990 2746 in
1005 2686 1142 2747 schedula
1156 2686 1296 2746 consumti
1308 2687 1445 2761 jusserat,

266 2793 346 2853 inter
361 2793 512 2852 nonnullos
527 2792 699 2853 simultatem
717 2792 868 2851 maximam
889 2790 1021 2852 obortam
1042 2805 1128 2865 esse,
1143 2807 1229 2851 unam
1249 2807 1319 2866 ergo
1333 2795 1446 2867 partem

268 2898 400 2958 ecelesiae
419 2913 521 2980 preces
539 2899 594 2958 subi
615 2898 742 2958 subsidio
763 2913 827 2956 esse
846 2900 964 2972 petere,
987 2911 1043 2970 quc
1064 2895 1193 2955 dominus
1213 2898 1294 2971 pacis
1314 2897 1446 2971 utrisque

268 3004 488 3064 amarulentiam
509 3008 540 3063 et
559 3003 657 3064 odium
676 3019 712 3062 ex
729 3002 825 3064 animo
846 3002 960 3075 eripere
980 3000 1164 3077 dignaretur,
1188 3005 1221 3062 ut
1234 3001 1319 3075 juxta
1339 3000 1445 3061 Christi

247 3084 463 3184 preceptum,
486 3108 561 3167 sicut
574 3107 745 3167 christianos
759 3107 890 3166 homines
905 3106 1005 3180 decet,
1029 3106 1210 3167 concordiam
1229 3106 1303 3166 inire
1324 3109 1353 3165 at
1367 3110 1446 3182 post·

267 3215 379 3274 liminio
394 3213 518 3272 invicem
531 3214 562 3272 in
575 3214 698 3287 gratiam
712 3212 809 3271 redire
824 3215 951 3286 possent

356 3317 469 3380 Eadem
478 3318 605 3379 Joanues
616 3317 720 3392 flagra
734 3315 906 3376 secretarius
920 3313 1056 3374 comitum
1071 3311 1108 3372 de
1117 3313 1194 3373 Heia
1208 3314 1345 3386 collegam
1361 3329 1444 3372 suum

267 3423 306 3485 ad
324 3440 380 3484 nos
399 3423 492 3497 misit,
516 3423 566 3496 qui
587 3423 670 3482 nobis
693 3420 816 3496 diceret,
839 3417 950 3493 siquid
968 3417 1081 3477 domum
1097 3417 1388 3492 scriberevellemus,
1413 3417 1443 3478 id

267 3531 348 3590 ocius
362 3527 428 3589 fieri
441 3533 597 3604 oporteret.
636 3527 689 3587 Oui
709 3527 749 3587 ad
762 3524 907 3598 domium
923 3537 1037 3583 socrum
1052 3527 1082 3582 et
1095 3536 1213 3584 uxorem
1233 3522 1333 3584 literas
1348 3519 1443 3599 perle-

267 3635 375 3696 rendaa
391 3634 535 3708 dedimus,
550 3633 707 3693 honoratus
723 3637 767 3690 eat
781 3647 801 3691 a
813 3630 896 3690 nobis
909 3629 1021 3690 duobus
1036 3629 1141 3688 aureis.

356 3740 467 3802 Mem
481 3754 536 3814 pro
549 3753 689 3812 responso
703 3736 895 3796 sollicitatum.
925 3735 1063 3814 datantes
1077 3736 1173 3792 autem
1188 3731 1219 3792 in
1232 3730 1342 3806 palatio
1355 3728 1441 3790 Atre·

266 3845 405 3921 baoensis,
420 3843 471 3904 ubi
485 3843 633 3917 italorum,
649 3832 842 3917 Hispanorum
856 3838 1104 3900 etGermauorum
1119 3835 1225 3898 diversi
1240 3837 1441 3896 sollicitatores

268 3952 406 4025 aderaut,
422 3953 499 4010 inter
513 3965 585 4023 quos
600 3949 687 4008 etium
699 3946 885 4020 Bremenses,
907 3945 1011 4018 quibus
1026 3959 1124 4004 omnes
1138 3943 1214 4002 mala
1228 3941 1439 4016 eminebantur,

266 4058 445 4131 potissimum
460 4054 540 4129 qnod
553 4055 684 4114 comitem
692 4052 842 4111 albertum
857 4047 1041 4110 aMansleldt
1054 4049 1085 4107 in
1099 4063 1152 4108 sua
1165 4049 1238 4109 urbe
1252 4047 1377 4122 hospitio
1392 4061 1441 4106 ex·

266 4162 410 4240 ceperint,
435 4159 539 4235 quibus
561 4158 773 4234 egredientibus
794 4171 831 4216 ex
844 4156 974 4216 conclavi
993 4153 1120 4230 episcopi
1139 4153 1227 4214 iacies
1243 4167 1347 4240 ¹eorum
1361 4151 1441 4212 tasti-

266 4268 363 4329 monia
382 4267 505 4341 dabant,
529 4281 616 4341 quam
633 4263 723 4323 amice
745 4261 783 4339 (si
803 4260 859 4322 diis
877 4256 985 4335 placet)
1007 4257 1047 4319 ab
1066 4259 1129 4333 ipso
1143 4257 1252 4317 fuerint
1266 4257 1391 4330 excepti,
1415 4256 1441 4313 si

266 4373 352 4434 modo
364 4372 461 4433 Plinio
475 4372 631 4445 credimus,
646 4366 770 4428 nonan
783 4371 815 4427 at
826 4365 934 4426 laetitiae
950 4370 980 4424 et
991 4363 1116 4424 tristitiae
1131 4361 1266 4422 indicium
1280 4373 1352 4420 esse.
1380 4355 1440 4416 hd·

266 4481 351 4538 erant
365 4489 482 4552 quoque
495 4476 600 4536 ibidem
614 4472 806 4534 marschaloua
821 4470 857 4531 de
873 4469 1047 4543 Schomberg
1062 4453 1093 4528 et
1102 4466 1274 4527 Franciscus
1289 4459 1451 4523 Comedus--

266 4581 302 4642 de
316 4582 481 4656 sichingen
520 4579 647 4642 Tandem
667 4583 735 4655 post
755 4577 895 4637 mutinam
918 4590 1028 4636 moram
1046 4570 1245 4632 huebateusis
1267 4567 1306 4629 ad
1326 4571 1440 4645 putrem

265 4684 460 4748 Grenduelam
474 4685 555 4760 adiit,
570 4684 642 4745 adeo
657 4688 754 4744 antem
768 4681 895 4756 rumque
909 4681 948 4740 ab
962 4679 1016 4753 his,
1030 4677 1081 4751 qui
1094 4691 1195 4737 causas
1209 4691 1277 4735 snas
1291 4677 1438 4748 promotas

266 4793 410 4869 volebant,
426 4791 551 4868 stipatus
563 4795 640 4866 erat,
660 4795 694 4851 at
706 4786 838 4849 Eubulus
850 4785 977 4847 ironam
990 4780 1148 4860 perfricare
1162 4784 1315 4857 cuperant
1330 4793 1365 4840 st
1378 4776 1439 4853 gal·
