3700 5692
774 689 943 758 -ala

535 869 652 925 mnan
666 870 759 922 matria
777 872 839 923 aral
850 885 946 922 noman
963 870 1097 939 patrisque
1115 870 1243 937 Georgos.

570 960 625 1012 Hic
642 959 712 1011 rexit
728 958 841 1027 Mysios,
858 959 1013 1013 Sauromata
1030 958 1079 1011 illa
1097 958 1154 1009 init

534 1047 652 1115 Pignora
669 1062 779 1115 cumque
796 1047 887 1101 docem
903 1048 1048 1115 peperisset
1066 1047 1145 1099 chara
1162 1048 1264 1110 marito,

561 1136 625 1199 Qua
642 1152 733 1187 sexum
752 1152 858 1187 numero
878 1134 1035 1189 distribuere
1053 1139 1120 1205 pari,

534 1222 608 1293 Saepe
627 1240 702 1275 suum
722 1224 834 1292 supplex
851 1231 953 1277 tentans
970 1240 1094 1277 revocare
1112 1226 1241 1288 maritum,
1274 1229 1279 1237 '

569 1312 653 1375 Quam
671 1319 717 1365 tua
735 1314 875 1382 captivum,
893 1314 995 1378 carole,
1014 1320 1116 1381 sceptra
1133 1318 1230 1365 moeni.

537 1401 573 1451 llt
589 1402 659 1453 nihil
677 1404 765 1455 effecit
782 1404 905 1471 precibus
923 1402 1085 1469 multumque
1102 1401 1230 1470 rogando,

571 1492 601 1541 In
620 1490 740 1543 morbum
757 1490 864 1544 rediens
883 1490 978 1543 incidit
996 1491 1045 1543 illa
1063 1506 1179 1559 grauem.

535 1576 604 1659 Oasq
621 1580 703 1647 phtisi
721 1580 793 1632 lenta
811 1587 956 1647 moestoque
975 1581 1103 1633 exhausta
1121 1579 1211 1633 labore
1275 1604 1276 1607 ¹

569 1668 641 1719 Mora
659 1670 736 1737 rapit,
755 1670 789 1722 ad
807 1670 903 1721 coelum
922 1685 996 1720 mena
1015 1670 1059 1737 pia
1077 1670 1161 1737 carpit
1178 1670 1234 1719 iter.

305 1823 317 1832 ,
414 1764 499 1824 Anno
529 1762 684 1826 salutiferae
704 1762 908 1836 redemptionis
935 1767 1041 1822 nostrae
1061 1764 1307 1837 sesquimillesimo
1333 1764 1493 1839 quadrage·

324 1861 396 1927 simo
426 1886 502 1929 nono
522 1871 554 1928 in
567 1870 702 1930 nundinis
727 1867 938 1958 autumnalibus
957 1866 1142 1927 Francofurti
1165 1868 1202 1927 ad
1216 1868 1346 1929 Moenum
1361 1872 1495 1930 vicesima

324 1973 495 2049 septembris
509 1991 562 2050 per
576 1975 718 2055 loannem
733 1973 859 2033 Nellium
874 1972 956 2033 nobis
972 1992 989 2033 a
1004 1972 1121 2033 secretis
1138 1952 1333 2033 etAdrianuni
1347 1976 1494 2036 aZcrtzeu

323 2069 453 2155 nothum,
468 2056 635 2155 praefectum
650 2080 724 2139 arcis
739 2084 846 2139 nostrae
859 2076 1007 2151 Waldeck,
1024 2078 1166 2154 receptori
1181 2096 1232 2137 seu
1247 2081 1383 2155 quaestori
1398 2083 1494 2139 aerarii

280 2227 285 2234 .
323 2186 517 2259 imperatoriae
532 2186 690 2258 majestatis
705 2202 758 2260 per
772 2183 924 2244 inferiores
940 2184 1121 2260 Germanias,
1150 2182 1240 2243 Wolff
1251 2184 1351 2245 Haller
1370 2186 1407 2245 ab
1422 2186 1492 2247 Hal·

323 2291 446 2349 lerstein
459 2294 583 2365 quatuor
596 2291 687 2349 millia
700 2287 873 2350 florenorum
888 2294 987 2350 nostro
1003 2290 1116 2349 nomine
1131 2296 1327 2350 numerarunt.
1358 2291 1433 2351 Nam
1447 2292 1493 2351 hic
1527 2274 1529 2277 ¹

325 2402 390 2456 erat
409 2396 524 2455 ultimus
544 2396 683 2455 terminus
705 2401 769 2455 octo
792 2395 914 2454 millium
935 2392 1107 2454 florenorum
1130 2395 1267 2469 solvendi,
1299 2412 1370 2469 quos
1393 2399 1494 2455 caesari

325 2501 430 2561 Carolo
445 2502 545 2574 quinto
560 2502 590 2559 in
604 2499 739 2560 mulctam
755 2500 793 2579 (si
806 2500 860 2559 diis
875 2497 981 2575 placet)
997 2501 1028 2558 in
1043 2497 1174 2573 Augusta
1184 2499 1399 2560 vindelicorum
1417 2520 1497 2575 anuo

325 2608 383 2667 dni.
393 2603 478 2667 1548
487 2606 620 2665 vicesima
629 2605 806 2680 primalunii
815 2621 868 2665 nos
878 2605 996 2665 daturos
1006 2605 1136 2680 stipulati
1145 2604 1268 2679 eramus,
1278 2606 1374 2679 sicque
1388 2624 1492 2682 magno

324 2717 424 2773 nostro
435 2689 654 2784 nostrorumque
661 2712 728 2771 licet
738 2711 896 2786 dispendio,
907 2717 939 2770 ut
949 2710 988 2786 id,
999 2712 1076 2786 quod
1086 2700 1186 2770 eadem
1193 2692 1256 2785 ipsa
1265 2711 1310 2770 die
1318 2713 1491 2788 scripserim,

324 2819 447 2877 scilicet:
471 2816 545 2888 »Qui
560 2815 641 2877 dedit
654 2820 751 2893 vitam,
768 2818 848 2878 dabit
863 2822 893 2877 et
906 2818 1056 2892 pecuniam
1062 2808 1088 2891 i,
1105 2815 1290 2890 adimpletum
1305 2819 1351 2893 sit,
1375 2835 1493 2892 speran-

324 2913 474 3010 tes'igitur
494 2922 615 2981 ulterius
637 2923 673 2982 de
691 2941 777 2983 manu
797 2924 919 2999 domini,
942 2925 1023 2999 cujus
1037 2922 1200 2982 benedictio
1220 2924 1283 2982 sola
1298 2923 1399 2982 divitas
1414 2921 1491 2996 facit,

324 3028 410 3086 deum
431 3031 543 3100 patrem
558 3028 703 3086 coelestem
718 3044 782 3086 cum
795 3026 855 3088 filio
871 3030 933 3101 ejus
947 3030 1112 3105 benedicto,
1137 3026 1251 3090 domino
1274 3032 1304 3087 et
1317 3029 1493 3104 redemptori

324 3138 424 3192 nostro
439 3132 511 3192 lesu
520 3132 643 3207 Christo,
658 3150 715 3191 una
730 3138 760 3191 et
773 3148 796 3191 s.
810 3133 914 3208 spiritu
929 3132 1078 3192 laudamus
1094 3139 1124 3193 et
1137 3135 1330 3195 benedicimus
1352 3134 1382 3192 in
1398 3134 1493 3193 secula
1570 3204 1573 3213 Ι

323 3237 493 3297 seculorum.
531 3235 664 3297 Pecuniae
679 3242 776 3298 autern
789 3236 963 3311 supradictae
977 3239 1085 3310 primus
1099 3237 1243 3297 solvendae
1257 3239 1395 3297 terminus
1410 3240 1492 3300 nobis

325 3344 364 3404 ad
378 3342 522 3403 nundinas
544 3341 791 3404 francofordiense
810 3343 879 3401 anni
897 3342 1005 3402 domini
1028 3342 1112 3401 1548
1141 3341 1264 3400 indictus
1279 3345 1351 3416 erat,
1376 3348 1405 3403 et
1419 3344 1493 3403 alter

324 3448 361 3509 ad
380 3449 523 3509 nundinas
542 3448 721 3509 autumnales
735 3448 820 3523 hujus
835 3449 912 3507 anni.
950 3448 996 3507 Ne
1018 3452 1113 3507 autem
1128 3464 1146 3506 a
1160 3449 1283 3522 posteris
1297 3448 1493 3509 incusaremur

324 3559 435 3615 tantam
448 3555 633 3628 pecuniarum
647 3556 714 3628 vim,
737 3555 870 3613 nimirum
885 3560 950 3614 octo
964 3554 1026 3611 hacc
1040 3553 1129 3641 millia
1145 3559 1175 3613 et
1189 3554 1246 3615 due
1260 3554 1359 3629 millia,
1383 3572 1447 3629 qnae
1462 3556 1492 3613 in

324 3660 446 3719 comitiis
462 3660 638 3735 Augustanis
654 3667 683 3720 et
697 3661 769 3721 alias
778 3662 814 3719 in
829 3660 883 3719 hac
903 3676 935 3718 re
949 3661 1109 3733 insumpta,
1130 3676 1184 3718 uec
1198 3675 1257 3718 non
1272 3676 1336 3732 quae
1351 3666 1492 3733 praeterea

316 3762 410 3837 'hujns
425 3764 611 3825 corradendae
626 3767 755 3841 pecunias
771 3766 865 3841 gratia
881 3780 1007 3839 expensa
1022 3769 1098 3837 sunt,
1114 3766 1144 3823 in
1158 3765 1356 3839 helluationes,
1372 3782 1491 3826 veneres

324 3876 376 3930 aut
390 3871 483 3930 aleam
497 3872 692 3946 insumpsisse,
707 3871 755 3930 hic
769 3872 912 3931 ascribere
927 3870 1042 3945 placuit,
1059 3870 1137 3944 quod
1146 3872 1238 3946 prima
1253 3888 1369 3946 summa,
1386 3872 1492 3931 scilicet

324 3981 449 4049 quatuor
477 3977 566 4035 millia
592 3974 779 4049 florenorum,
810 3976 919 4049 majore
949 3981 1087 4049 exparte
1107 3993 1144 4035 ex
1173 3976 1240 4037 dote
1263 3980 1365 4039 uxoria
1392 3976 1490 4052 fuerit,

324 4081 471 4157 posterior
487 4082 602 4140 nonrdsi
624 4082 789 4156 quindecies
808 4086 920 4140 centum
941 4098 977 4141 ex
1000 4080 1121 4142 subditis
1139 4084 1224 4157 hujus
1245 4084 1372 4158 regionis
1387 4084 1492 4143 contri·

324 4186 395 4246 buta
413 4188 483 4258 siut,
507 4187 619 4260 reliqua
639 4189 730 4247 omnis
752 4191 850 4245 mutuo
871 4193 900 4246 et
919 4204 984 4246 curn
997 4187 1161 4249 reddituum
1181 4205 1307 4248 meorum
1322 4189 1492 4262 oppignora-

324 4294 405 4352 tione
419 4282 567 4352 contracta
582 4297 635 4367 est,
652 4307 815 4367 quanquam
830 4308 869 4350 aes
884 4293 1010 4352 alienum
1023 4295 1110 4369 longe
1130 4311 1232 4353 census
1252 4300 1366 4353 nostros
1381 4309 1490 4352 annuos

324 4401 450 4471 superet.
474 4396 630 4472 Exemplar
640 4403 736 4456 autern
746 4395 916 4472 litterarum,
933 4404 967 4457 ut
974 4403 1087 4473 vocant,
1104 4400 1308 4474 quitantiarum
1324 4398 1361 4458 ad
1375 4400 1492 4460 archiva

324 4507 441 4563 senatus
457 4500 643 4563 Corbacensis
657 4502 760 4577 reponi
770 4504 914 4574 jussimus.
949 4492 1050 4563 Testes
1066 4509 1161 4563 autem
1175 4503 1261 4576 hujus
1273 4502 1423 4579 traqoediae
1438 4506 1489 4564 ha·

325 4607 423 4667 bemus
439 4607 524 4667 deum
538 4623 636 4668 verum
651 4612 681 4666 et
695 4610 799 4682 vivum,
816 4610 865 4682 qui
880 4624 934 4668 nec
947 4607 1021 4669 fallit
1036 4608 1158 4668 necfalli
1167 4612 1272 4685 potest,
1289 4611 1490 4671 conscientiam

323 4712 421 4770 laetam
435 4718 466 4772 et
479 4712 599 4773 eandem
613 4712 767 4772 multorum
781 4715 894 4787 piorum
907 4714 1035 4774 virorum
1048 4715 1103 4773 hoo
1117 4714 1276 4775 miserrimo
1292 4732 1353 4775 aevo
1369 4732 1490 4776 commu-

325 4833 391 4876 nem
404 4814 557 4878 fortmam.
581 4814 729 4892 Signatum
743 4818 885 4881 Waldeck
899 4819 947 4882 die
960 4818 1036 4880 lma
1050 4825 1118 4896 poet
1130 4820 1263 4882 Matthaei
1276 4821 1409 4918 apostoli.
