3700 5692
851 744 915 813 ts?

290 918 364 986 liam
386 924 447 985 sive
469 922 602 1001 vivimus,
627 926 741 986 domino
761 922 896 1001 risimus,
920 930 980 988 sire
1003 932 1152 1005 moriamur,
1177 930 1291 993 domino
1314 936 1460 996 morimur.

289 1033 355 1090 Sive
369 1032 459 1104 igitur
473 1025 609 1105 uiuamus,
632 1033 693 1090 sire
707 1034 871 1107 moriamur,
895 1034 1003 1092 domini
1022 1052 1127 1095 sumus.
1163 1038 1197 1096 In
1216 1039 1272 1097 hoc¹
1291 1040 1367 1097 enim
1382 1040 1466 1099 Chri·

289 1142 350 1194 stus
369 1142 400 1194 et
419 1142 549 1195 mortuus
570 1142 616 1193 est
636 1143 665 1195 et
685 1124 844 1197 resurrexit
865 1143 894 1197 et
915 1140 1032 1215 revixit,
1057 1148 1089 1200 ut
1109 1126 1228 1201 mortuis
1248 1156 1282 1200 ac
1302 1145 1464 1202 viventibus

289 1239 471 1297 dominetur«
487 1244 543 1297 etc.
561 1240 690 1312 Repetiit
702 1242 804 1315 primo,
821 1252 885 1314 quae
899 1240 1034 1303 hesterno
1051 1246 1097 1305 die
1112 1245 1260 1304 docuerat.
1279 1246 1391 1304 Deinde
1406 1248 1460 1305 ait:

289 1345 406 1404 Utinam
429 1344 519 1416 prohe
540 1343 603 1401 haec
622 1346 747 1417 apostoli
765 1346 854 1405 rerba
873 1347 1115 1419 perpenderemus
1137 1355 1166 1408 et
1184 1366 1283 1407 verum
1299 1363 1333 1408 ac·
1346 1351 1461 1407 unicum

289 1442 434 1507 dominum
454 1453 584 1508 nostrum
606 1449 704 1507 lesum
727 1447 870 1508 Christum
893 1468 1125 1527 agnosceremus,
1153 1456 1358 1527 recogitantes,
1383 1454 1462 1527 quod

289 1546 322 1626 is,
346 1554 392 1611 cui
411 1554 603 1612 obedientiam
621 1553 759 1627 praestare
775 1561 916 1630 tenemur,
933 1562 962 1615 et
983 1573 1040 1615 non
1061 1560 1102 1617 ita
1116 1560 1236 1617 invicem
1256 1575 1308 1617 noe
1324 1558 1462 1617 derebus

289 1656 399 1717 frivolis
409 1658 611 1730 judicaremus.
643 1658 864 1730 Perpaucissimi
880 1677 916 1719 ex
935 1663 1017 1723 nohis
1032 1669 1107 1736 sunt,
1125 1664 1173 1735 qui
1190 1679 1304 1722 causam
1319 1664 1462 1737 passionis

289 1768 318 1820 et
330 1762 549 1821 resurrectionis
566 1761 680 1835 Christi,
703 1780 788 1835 qnam
807 1763 854 1821 hie
868 1765 977 1825 Paulus
997 1768 1088 1840 ponit,
1111 1768 1305 1841 considerant,
1328 1768 1461 1825 nimirum

289 1861 367 1938 quod
386 1865 516 1923 Christus
534 1867 565 1923 in
584 1857 660 1925 hunc
679 1868 815 1927 mundum
836 1872 923 1944 venit,
948 1871 1026 1943 quod
1045 1888 1099 1930 nos
1117 1872 1260 1930 redimens
1280 1873 1409 1931 vivorum
1430 1875 1460 1930 et

287 1975 465 2029 mortuorum
486 1972 691 2030 dominaretur.
729 1974 824 2031 Taceo
845 1976 975 2049 inquam,
1000 1975 1070 2047 quid
1092 1976 1174 2033 nobis
1195 1992 1255 2033 nen
1275 1976 1311 2034 de
1333 1974 1459 2034 secundo

287 2073 355 2131 fidei
369 2076 489 2133 articulo
506 2076 648 2135 obveniat.
677 2077 718 2135 Et
736 2072 880 2135 inlesum
896 2078 1041 2137 Christum
1054 2077 1144 2136 filium
1159 2080 1303 2138 dominum
1318 2084 1458 2151 nostrum,

288 2179 337 2251 qui
351 2194 406 2237 nos
420 2185 479 2237 tam
493 2196 560 2239 care
575 2183 760 2255 compararit,
784 2199 841 2240 non
856 2184 995 2255 sanguiue
1014 2184 1168 2241 vitulorum
1188 2189 1217 2241 et
1230 2184 1382 2255 hircorum,
1406 2180 1458 2240 sed

287 2297 338 2340 suo
353 2282 444 2355 ipsius
457 2287 588 2357 precioso
603 2286 752 2359 sanguine,
767 2291 799 2343 ut
814 2302 851 2345 ex
864 2288 955 2346 Paulo
971 2288 1009 2346 ad
1019 2287 1181 2347 Corinthios
1197 2293 1226 2345 et
1241 2303 1276 2344 ex
1291 2287 1414 2359 epistola
1427 2286 1456 2345 d.
1495 2299 1498 2305 ·

286 2387 367 2447 Petri
381 2389 474 2460 prima
488 2388 588 2461 liquet.
620 2390 667 2447 Sic
682 2406 797 2463 quoque
817 2390 956 2463 haptizati
971 2408 1066 2449 sumus
1082 2393 1112 2450 in
1126 2392 1240 2450 nomine
1254 2392 1345 2465 patris
1361 2397 1390 2450 et
1404 2390 1457 2449 filii

287 2498 316 2549 et
330 2492 448 2563 spiritus
463 2510 486 2551 s.
508 2494 565 2551 Hic
579 2492 805 2553 dominusJesus
821 2496 904 2554 datus
920 2500 965 2553 est
979 2495 1060 2553 nobis
1076 2511 1128 2567 pro
1144 2496 1293 2569 advocato,
1309 2496 1413 2553 Joann.
1426 2498 1456 2569 2,

286 2600 315 2654 et
329 2597 414 2654 unico
429 2598 595 2657 mediatore.
633 2599 719 2657 Hunc
738 2600 775 2658 oh
789 2602 981 2659 reverentiam
1001 2618 1082 2659 suam
1097 2605 1227 2659 orantem
1240 2616 1294 2674 pro
1309 2599 1391 2661 nohis
1406 2616 1459 2674 pa·

285 2706 330 2760 ter
344 2700 473 2760 exaudiit
488 2707 517 2759 et
531 2703 660 2774 quotidie
676 2704 820 2778 exaudit,
832 2720 885 2762 nee
899 2711 967 2764 sunt
981 2709 1087 2779 praeter
1102 2705 1178 2765 hune
1193 2708 1243 2766 alii
1258 2705 1303 2765 vel
1317 2706 1457 2765 mediato·

285 2823 332 2864 res
347 2807 395 2865 vel
406 2807 602 2881 opitulatores.
625 2810 723 2882 Ipsum
737 2811 827 2883 igitur
834 2812 901 2883 jure
912 2812 1019 2883 optimo
1034 2815 1163 2869 nostrum
1178 2826 1241 2875 esse
1257 2826 1457 2885 agnoscamur,

284 2911 351 2969 huic
365 2912 539 2985 serviamus,
560 2929 620 2971 non
640 2914 754 2972 solliciti
774 2913 810 2973 de
831 2916 894 2974 ciho
909 2920 939 2973 et
959 2921 1044 2989 potu,
1067 2916 1158 2988 quahs
1174 2916 1200 2973 is
1214 2918 1266 2989 sit,
1291 2915 1341 2974 sed
1357 2914 1458 2973 demus

285 3032 412 3090 operam,
428 3023 461 3075 ut
469 3018 563 3076 sobrie
573 3033 636 3075 cum
651 3020 809 3091 gratiarum
818 3020 931 3077 actione
940 3025 1102 3092 praeterque
1117 3016 1239 3093 proximi
1254 3019 1457 3079 offendiculum

285 3137 441 3193 sumamus,
456 3123 541 3194 hujus
553 3123 628 3181 enim
642 3123 749 3182 domini
766 3140 872 3196 sumus,
887 3126 947 3182 sive
963 3126 1091 3199 vivimus,
1105 3127 1164 3185 sive
1176 3126 1323 3185 morimur.
1345 3126 1390 3185 De
1404 3126 1460 3183 hoc

286 3233 382 3299 autem
392 3228 506 3286 solliciti
515 3229 611 3299 simus,
623 3244 678 3299 quo
689 3229 731 3286 ita
743 3229 831 3285 vitam
839 3229 1031 3301 instituamus,
1048 3235 1081 3288 ut
1097 3246 1193 3287 coram
1202 3230 1287 3303 huJus
1298 3233 1398 3289 summi
1409 3232 1457 3303 ju-

286 3332 356 3389 dicis
371 3331 511 3389 tribunali
521 3334 676 3391 consistere
686 3348 831 3405 queamus.
855 3331 937 3390 Dixit
948 3337 976 3390 et
990 3332 1073 3404 plura
1087 3334 1117 3390 in
1131 3333 1205 3390 hanc
1220 3336 1390 3393 sententiam
1402 3341 1457 3393 etc.

375 3437 486 3495 Eadem
500 3437 641 3497 archidux
647 3438 870 3511 Maximilianus,
886 3436 1065 3494 Ferdinandi
1071 3438 1264 3495 Romanorum
1278 3440 1355 3511 regis
1369 3436 1456 3513 filius,

285 3542 410 3615 primum
424 3541 499 3600 iuter
513 3544 672 3601 tertiamet
687 3548 821 3615 quartam
836 3544 923 3601 horas
938 3542 1179 3601 antemeridianas
1194 3541 1312 3601 hincab
1326 3542 1459 3616 Augusta

286 3631 521 3719 Landtsburgum
540 3648 571 3703 in
591 3648 746 3721 Hispanias
766 3646 947 3719 profecturus
971 3644 1059 3719 abiit,
1075 3646 1152 3719 quod
1167 3645 1245 3704 Deus
1261 3652 1320 3719 opt.
1337 3663 1411 3705 max.
1428 3654 1459 3707 et

286 3753 403 3825 optime
418 3752 481 3825 spei
495 3750 669 3809 adolescenti
684 3750 881 3810 etGermaniae
895 3752 969 3811 hene
983 3749 1131 3809 fomuuare
1147 3752 1289 3825 dignetur.
1312 3752 1367 3811 Est
1381 3752 1458 3811 enim

286 3856 417 3928 principe
433 3856 527 3929 dignis
541 3857 668 3915 moribus
683 3856 780 3927 homo,
795 3858 844 3929 qui
859 3861 888 3915 et
902 3856 1005 3930 pietati
1019 3873 1077 3916 nou
1088 3856 1235 3915 adversari
1248 3857 1372 3917 videtur.
1389 3855 1457 3929 Sed,
1543 3912 1545 3917 .

285 3960 364 4033 proh·
376 3961 473 4035 dolor,
494 3962 684 4034 periculosam
704 3960 911 4035 profectionem
932 3964 1039 4021 invitus
1058 3964 1119 4035 ipse
1140 3964 1235 4022 subire
1258 3963 1371 4021 dicitur.
1410 3962 1459 4021 Sic

285 4064 385 4125 ferunt
399 4064 461 4123 fata
476 4064 604 4140 deorum,
620 4082 657 4123 ne
672 4065 824 4145 quidboni
838 4066 947 4125 haheat
961 4065 1124 4127 Germania.
1148 4068 1281 4129 Deducat
1296 4075 1325 4128 et
1339 4068 1460 4129 reducat

285 4187 352 4230 eum
368 4169 499 4228 dominus
515 4176 545 4231 et
558 4169 596 4229 ab
610 4172 765 4230 lherorum'
774 4170 875 4230 hairda
888 4177 920 4229 et
934 4170 1132 4234 incredulitate
1147 4179 1305 4233 conservet.

378 4275 424 4333 De
438 4277 568 4350 pecunia,
584 4292 638 4348 pro
653 4293 710 4349 qua
724 4293 819 4335 comes
834 4276 1003 4335 Wilhelmus
1025 4277 1061 4335 de
1075 4277 1249 4350 Henneherg
1268 4278 1382 4350 scripsit
1396 4276 1457 4335 No·

285 4381 443 4453 rihergam,
460 4380 532 4438 nihil
546 4386 642 4439 actum
657 4387 686 4440 et
699 4380 832 4441 Eadem
843 4382 954 4440 litterae
968 4382 1089 4439 remisit.

376 4484 490 4543 Eadem
503 4486 653 4543 Lihorium
672 4486 799 4544 misimus
819 4486 858 4544 ad
879 4487 1010 4546 comitem
1032 4486 1069 4544 ab
1083 4485 1221 4545 Araxum
1243 4485 1279 4544 oh
1293 4486 1404 4545 litteras
1419 4484 1460 4545 ad

283 4591 484 4648 marchionem
498 4590 648 4649 Alhertum
663 4595 693 4649 et
707 4606 821 4649 causam
836 4607 900 4649 cum
915 4590 1093 4649 Coloniense.

379 4694 558 4755 coloniensis
578 4697 630 4755 suh
651 4712 799 4770 vesperam
818 4697 849 4754 in
872 4696 974 4755 urbem
995 4710 1163 4754 reversurus
1184 4694 1302 4767 dicitur,
1325 4698 1353 4754 et
1371 4692 1459 4755 rediit

284 4816 404 4874 quoque
420 4800 529 4861 eadem.
1080 4807 1083 4815 ’
