3700 5692
847 746 1009 821 ‚2⁰4

480 932 623 994 loannem
643 930 727 994 nobis
747 947 767 992 a
790 929 910 1007 pedibus
933 930 1091 993 Scbonstud
1114 934 1180 1007 post
1200 934 1313 1006 tergum
1327 931 1454 1009 reliquit,
1470 933 1564 1007 quiet

392 1038 457 1113 ipse
470 1038 584 1098 litteras
599 1053 615 1097 e
630 1039 726 1113 patria
740 1042 840 1099 noema
854 1035 957 1097 adfert.
988 1036 1059 1097 Auli
1070 1038 1123 1099 der
1138 1038 1242 1099 Doueu
1256 1054 1293 1099 au
1308 1038 1413 1111 Werdt
1433 1040 1496 1100 Hat
1509 1041 1563 1101 mir

391 1142 463 1205 (iott
476 1142 838 1219 pruentuombesebert.
1115 1163 1119 1169 ·

405 1248 409 1253 '
480 1264 537 1308 xxv
556 1249 636 1308 Junii
651 1248 769 1310 Werde
787 1250 865 1310 intra
884 1248 1016 1323 quintam
1036 1254 1065 1309 ιι
1092 1254 1202 1311 sexum
1225 1250 1312 1311 boras
1334 1247 1410 1309 idem
1432 1251 1483 1323 qui
1501 1251 1563 1311 heri

391 1362 458 1416 aute
472 1355 621 1415 meridiem
636 1355 866 1429 concionabatur,
883 1372 919 1414 ex
934 1370 995 1428 cap.
1014 1357 1032 1413 6
1049 1356 1135 1415 Lucae
1150 1356 1212 1415 hee
1226 1354 1316 1415 verbe
1329 1355 1411 1429 legit:
1429 1356 1561 1415 ›Verun-

391 1465 496 1537 tmnen,
512 1462 564 1521 Va
579 1460 661 1520 vobis
675 1461 826 1536 dividbus,
842 1461 892 1536 qui
905 1459 1018 1521 habetis
1032 1462 1256 1523 consolationem
1270 1464 1407 1535 naamam,
1422 1476 1469 1521 vae
1483 1462 1563 1522 vobis

392 1567 442 1641 qni
455 1567 578 1627 samrati
591 1567 670 1640 estis,
687 1566 754 1640 quia
769 1568 916 1639 esurietis,
939 1583 982 1647 voe
999 1568 1092 1642 vobis,
1115 1568 1165 1641 qui
1179 1566 1281 1627 ridebo
1296 1582 1380 1640 nuuc,
1397 1567 1467 1641 quia
1481 1567 1561 1642 lugo-

390 1672 459 1733 biiis
474 1677 504 1732 ιι
518 1670 631 1745 flebitis,
647 1688 692 1731 vae
706 1673 802 1748 vobis,
818 1688 883 1732 oum
896 1673 1079 1734 laudaverint
1093 1682 1144 1733 vos
1160 1687 1258 1733 omnes
1273 1672 1410 1733 homines.
1453 1672 1558 1733 Secun-

390 1778 460 1838 dum
477 1779 541 1838 heo
555 1778 630 1836 enim
644 1775 790 1838 faciebant
803 1778 1062 1854 pseudoprophetis
1077 1784 1175 1855 patres
1191 1795 1309 1841 eorum«
1326 1783 1381 1839 ιιι.
1405 1779 1502 1854 Scitis,
1515 1780 1561 1839 iu-

392 1884 464 1958 quit,
480 1883 622 1958 duplicem
636 1900 718 1957 usum
733 1900 797 1944 esse
811 1899 958 1945 sacrarum
973 1885 1144 1960 litterarum,
1160 1891 1210 1947 aut
1225 1883 1367 1960 duplicem
1379 1900 1482 1945 earum
1495 1902 1562 1961 ope·

391 1991 541 2051 rationem.
579 1989 694 2050 Primus
716 1995 775 2065 est,
800 1996 834 2050 ut
851 1988 985 2049 demenda
1006 1994 1036 2049 et
1055 1990 1214 2051 omittenda
1232 1992 1347 2066 doceat,
1372 1992 1495 2051 Roman.
1515 1993 1562 2056 15.

391 2096 476 2157 Alter
488 2101 523 2156 ιιι
535 2102 661 2172 moneat,
677 2096 813 2170 aquibus
827 2096 910 2157 nobis
925 2111 1077 2156 caveamus
1088 2102 1141 2156 ete.
1165 2097 1210 2157 De
1224 2096 1455 2173 praecedentibus
1469 2097 1501 2163 in
1515 2115 1562 2157 ex·

390 2202 533 2278 positione
547 2203 679 2276 proxima
693 2202 854 2277 audivistis,
870 2202 1013 2275 quomodo
1028 2203 1183 2279 discipulos
1204 2203 1242 2263 ad
1261 2204 1414 2264 instantem
1429 2217 1563 2277 persecu

391 2310 499 2370 bonam
513 2307 647 2369 dominus
666 2308 873 2369 commonuerit
891 2312 921 2367 et
941 2308 1146 2368 beatitudinem
1166 2310 1241 2369 banc
1255 2310 1436 2385 paupertatis
1455 2325 1514 2369 non
1529 2310 1564 2371 de

390 2429 477 2489 opum
491 2415 629 2489 carenda,
645 2413 695 2473 sed
712 2414 748 2474 de
763 2413 880 2488 spiritus
895 2412 1083 2473 submissione
1098 2414 1229 2490 intelligi.
1254 2414 1303 2475 Sic
1316 2430 1432 2488 quoque
1446 2415 1565 2477 hicnon

393 2520 430 2581 de
445 2521 514 2582 solis
529 2520 665 2581 divitibus
682 2520 767 2594 juxta
786 2536 891 2579 nomen
911 2519 1052 2594 loquitur,
1075 2519 1126 2579 sed
1146 2527 1175 2581 et
1197 2520 1233 2580 de
1256 2520 1363 2580 securis
1387 2526 1418 2579 ιι
1432 2520 1564 2595 superbis

385 2626 495 2701 spiritu
509 2631 564 2686 ιιι.
588 2626 647 2687 Sed
661 2626 818 2700 videamus,
834 2626 936 2699 inquit,
952 2625 1014 2684 bueo
1028 2630 1161 2700 quatuor.
1192 2626 1321 2687 Primum
1336 2642 1380 2685 voe
1394 2626 1478 2687 vobis
1495 2627 1563 2687 divi·

390 2732 477 2793 tibus.
501 2732 611 2792 Vocula
625 2748 679 2807 vae,
696 2730 812 2793 evidens
827 2747 1019 2791 erumnarum
1035 2738 1064 2791 ιι
1078 2732 1249 2807 perditionis
1263 2732 1446 2793 comminatio
1463 2738 1519 2808 est,
1533 2740 1566 2793 ιιι

389 2837 498 2913 passim
521 2838 552 2897 in
571 2839 721 2915 scripturis
740 2838 839 2899 videre
860 2839 928 2897 licet
947 2844 1000 2898 ιιι.
1041 2838 1115 2911 Quia
1133 2837 1180 2897 hic
1199 2839 1425 2900 consolationem
1439 2842 1564 2899 vestram

390 2942 503 3004 habetis
519 2948 573 3004 eto.
598 2943 665 3003 Non
680 2943 756 3017 quod
771 2960 834 3003 esse
849 2943 966 3003 divitem
981 2949 1130 3019 peccatum
1145 2944 1191 3017 sit,
1215 2960 1278 3003 cnm
1293 2944 1375 3003 multi
1390 2946 1564 3019 patriarcba

390 3049 547 3124 Abrabam,
563 3050 654 3122 Ιιιιιι,
670 3049 747 3108 lliob
762 3063 815 3109 ιιιι
828 3063 888 3107 non
903 3057 933 3107 ιι
947 3048 1023 3110 Loth
1047 3049 1162 3109 diutiss
1177 3048 1375 3123 possederunt,
1413 3049 1467 3109 sed
1490 3050 1566 3124 quod

391 3154 496 3215 divites
510 3155 606 3215 animo
620 3155 690 3215 elati
704 3155 796 3214 solum
810 3170 977 3215 mammonae
1001 3152 1181 3217 adhaerentes
1197 3162 1226 3215 et
1240 3154 1322 3217 donis
1335 3155 1382 3214 dei
1395 3154 1565 3229 abutuntur,

391 3259 529 3337 neglectis
545 3260 634 3322 verbo
657 3260 704 3321 dei
719 3266 749 3321 et
762 3262 947 3338 pauperibus,
971 3266 1001 3320 ιι
1022 3276 1151 3321 normam
1166 3260 1301 3321 Doridis:
1327 3259 1467 3321 »Divitia
1483 3262 1508 3319 si
1523 3259 1564 3321 ai·

389 3367 494 3442 fluunt,
507 3366 599 3427 nolite
612 3382 663 3428 oor
677 3382 856 3442 apponere«,
871 3382 930 3426 non
945 3372 1113 3440 sequuntur.
1145 3366 1220 3427 Nam
1234 3366 1280 3425 hae
1295 3370 1362 3427 suut
1377 3366 1479 3441 spine,
1496 3384 1565 3441 quas

391 3476 524 3535 dominus
538 3472 612 3533 dixit
625 3470 765 3532 suffocare
779 3488 886 3547 semen
902 3488 938 3531 ne
954 3475 1101 3533 exorimur
1121 3479 1150 3533 ιι
1169 3472 1295 3537 metam
1306 3470 1391 3531 ierat.
1430 3472 1473 3531 Et
1487 3473 1564 3533 siui-

390 3578 458 3640 iiter
480 3578 611 3638 dominus
630 3580 685 3653 ait,
716 3578 829 3639 facilius
854 3594 917 3639 esse
941 3580 1080 3639 murelum
1105 3577 1310 3654 perforamen
1335 3594 1404 3639 aens
1427 3581 1564 3654 transire,

390 3700 478 3761 quam
491 3684 610 3745 dintem
623 3687 655 3745 in
668 3700 791 3759 regnum
805 3685 944 3745 ooelorum
958 3686 1077 3745 intrare.
1100 3686 1217 3747 Habent
1231 3692 1327 3746 autem
1342 3686 1446 3747 diates
1462 3702 1566 3747 aurum

390 3808 473 3852 snum
488 3797 517 3851 et
531 3791 686 3851 amicornm
699 3792 910 3852 multitudinem
926 3797 979 3851 ιιι.
1018 3790 1189 3852 Veientibus
1209 3797 1305 3851 autem
1324 3778 1411 3853 nobis¹
1429 3808 1476 3867 ea,
1501 3808 1566 3867 quse

390 3899 421 3957 in
439 3890 578 3957 memoria
599 3896 783 3972 tenebamus,
805 3896 853 3956 bie
872 3896 1030 3971 asenbere,
1052 3899 1132 3957 venit
1146 3896 1444 3959 ιΙοιιιιιιιιιιιιιιιιιιιι
1467 3898 1567 3959 dicens

390 4002 468 4077 quod
482 4018 549 4063 mox
563 4020 582 4063 a
595 4004 733 4063 concione
748 4003 923 4064 Werdenses
938 4002 1187 4065 concionatoribus
1202 4002 1261 4061 suis
1276 4004 1386 4077 gratias
1401 4006 1520 4079 egerim
1533 4021 1568 4065 ec

390 4108 505 4169 veniam
519 4106 644 4168 abeundi
659 4110 863 4169 concesserint.
902 4108 927 4167 0
941 4108 1026 4167 triste
1041 4114 1071 4168 ιι
1085 4108 1215 4168 omnibus
1236 4108 1339 4175 seculis
1354 4107 1567 4184 deplorandum

389 4214 537 4275 nundum!
575 4215 636 4290 Vae,
652 4231 706 4289 vae,
721 4231 765 4275 sae
779 4216 919 4289 omnibus,
937 4215 986 4289 qui
999 4213 1102 4273 borum
1117 4215 1302 4275 consiliorum
1316 4216 1473 4290 participes
1488 4223 1568 4293 suni,

390 4327 421 4381 ιι
434 4320 540 4382 bonum
554 4316 624 4380 milii
638 4319 722 4397 duco,
738 4321 816 4395 quod
831 4320 903 4380 deus
922 4323 1095 4394 postremam
1110 4319 1196 4392 hujus
1214 4320 1270 4378 viri
1283 4320 1449 4381 sonnonem
1465 4322 1568 4383 audire

388 4427 511 4501 largitus
525 4427 572 4486 sit.
596 4426 642 4485 En
657 4428 756 4487 vocavi
770 4425 914 4487 bominem
929 4424 967 4485 ad
977 4424 1140 4500 prandium.
1162 4425 1202 4485 Ει
1216 4425 1293 4485 inter
1307 4427 1484 4501 emmonem,
1501 4444 1568 4503 qnae

389 4534 474 4591 sexta
486 4528 568 4590 finita
583 4538 656 4605 erat,
679 4537 710 4593 ιι
723 4531 902 4591 undecimam
915 4529 979 4589 baa
993 4530 1177 4592 intercidunt.
1202 4530 1400 4605 sperabantur
1415 4539 1517 4594 autem
1531 4534 1568 4594 de

389 4652 477 4697 mauu
492 4635 600 4695 domini
614 4637 743 4697 meliors.
766 4637 865 4696 Bonus
878 4635 926 4695 bie
940 4642 970 4696 et
984 4635 1095 4709 doctus,
1115 4635 1323 4710 quesierimus
1338 4635 1409 4709 quid
1424 4638 1569 4711 ejusmodi

389 4743 570 4817 praesagiret,
585 4742 662 4801 inter
676 4742 903 4803 condonandum
917 4742 1000 4815 dixit,
1015 4740 1119 4801 divitas
1134 4743 1230 4801 omnia
1243 4738 1283 4801 ad
1297 4757 1377 4817 opes,
1401 4743 1568 4818 voluptates

392 4850 423 4904 et
437 4860 541 4904 nomen
553 4846 734 4905 bonumsive
747 4862 802 4922 per
814 4844 860 4907 ias
871 4847 933 4906 sive
947 4843 1027 4907 nesae
1042 4846 1275 4924 consequendum
1289 4844 1421 4909 referunt
1435 4853 1467 4909 ιι
1481 4850 1568 4926 siqua
