3700 5692
952 751 996 818 84

386 937 440 997 sub
453 936 559 1011 pedum
581 935 727 1009 pastorale
749 937 903 1005 revocant,
927 922 984 991 illis
1003 938 1115 1007 patrem
1135 937 1282 1007 pastorum
1302 931 1445 996 Christum
1465 932 1548 1008 digito

388 1022 625 1115 demonstrantes,
650 1057 687 1100 ne
707 1039 785 1114 drgo
805 1040 895 1098 multo
918 1037 1059 1098 oculatior
1081 1044 1110 1097 et
1130 1054 1251 1111 nequam
1275 1039 1393 1113 spiritus
1408 1054 1460 1098 uos
1480 1040 1550 1099 inter

386 1145 460 1208 filios
475 1144 642 1206 diffidentia
663 1147 694 1205 in
713 1145 797 1205 deria
812 1144 936 1207 abducat
950 1149 979 1205 et
994 1144 1152 1218 discerpat,
1183 1149 1213 1204 et
1228 1160 1264 1203 ne
1280 1143 1369 1221 (quod
1381 1144 1459 1204 Deus
1474 1160 1548 1205 arer-

386 1250 441 1328 tat)
457 1254 702 1327 longanimitatem
716 1252 833 1326 benigni
856 1252 948 1326 patris
968 1247 1207 1324 floccipendentes
1230 1266 1379 1323 pereamus
1394 1248 1477 1326 fame,
1498 1266 1550 1309 non

387 1358 503 1435 quidem
516 1359 610 1433 panis,
627 1358 680 1417 sed
694 1358 787 1431 uerbi,
814 1372 879 1431 quae
895 1356 1020 1415 omnium
1042 1358 1180 1416 seriarum
1196 1362 1225 1416 et
1240 1358 1346 1431 puppis
1361 1362 1391 1416 et
1404 1372 1493 1431 prere
1512 1363 1552 1416 est

387 1471 418 1524 et
430 1466 556 1525 omnium
570 1481 667 1523 rerum
682 1463 802 1523 eversio.
843 1462 928 1534 Quod
944 1462 1042 1536 itaque
1065 1479 1163 1523 omnes
1178 1462 1219 1536 pii
1234 1460 1375 1523 orandum
1390 1460 1504 1537 danunt
1526 1461 1552 1520 id

386 1585 521 1644 rogemus
535 1569 689 1629 Dominum
703 1574 736 1627 ut
749 1569 890 1643 largiatur
904 1584 958 1643 per
974 1568 1117 1629 Christum
1131 1570 1241 1628 Jesum.

476 1675 587 1735 Eadem
600 1674 706 1747 hospiti
719 1674 909 1748 injunximus,
930 1680 963 1733 ut
977 1675 1096 1750 singulis
1111 1674 1209 1734 liberis
1224 1673 1333 1734 domini
1348 1674 1473 1735 Musunii
1486 1673 1550 1748 pile·

387 1779 435 1839 ola
448 1780 541 1839 nostri
554 1779 668 1839 nomine
683 1780 714 1837 in
728 1780 814 1839 xenia
828 1779 919 1839 daret.
1363 1802 1367 1805 ·

475 1884 513 1945 D.
537 1885 665 1945 Joanues
692 1885 835 1944 Henrieus
862 1886 985 1961 apuds.
1009 1885 1177 1947 Mauritium
1197 1902 1233 1945 ex
1253 1900 1316 1959 eap.
1341 1889 1380 1945 12
1398 1886 1441 1947 ad
1455 1887 1551 1949 Roma·

387 2006 441 2051 nos
461 1991 610 2051 mmirum:
637 1989 788 2051 «Gaudete
802 2008 866 2051 eum
886 1991 1091 2067 gaudentibus,
1107 1989 1174 2051 flete
1189 2006 1253 2051 aum
1266 1988 1402 2053 flentibus
1414 1996 1443 2054 l»
1462 1994 1551 2066 expla-

387 2097 477 2157 aaut.

474 2186 586 2247 Eadem
607 2201 718 2245 summo
741 2202 825 2246 mane
846 2186 1012 2247 thidericus
1032 2187 1181 2249 Palatinus
1204 2186 1321 2258 eleuter,
1341 2186 1477 2249 Bavarise
1492 2186 1552 2260 dur,

386 2290 628 2354 Nevomarehiam
641 2289 722 2352 abiit.

474 2398 604 2459 Vidimus
625 2396 790 2473 magnificas
814 2400 975 2455 smueturas
1003 2397 1127 2457 coenobii
1149 2397 1176 2457 d.
1198 2396 1328 2457 Udalriei
1350 2398 1428 2458 iuter
1455 2397 1554 2458 masma

385 2503 533 2579 Augustae,
548 2504 627 2577 quod
641 2520 700 2563 nou
713 2504 798 2579 pauci
813 2506 939 2561 castrum
954 2500 1077 2561 Caesaris
1098 2502 1144 2562 rel
1164 2503 1340 2561 civitatulam
1360 2500 1487 2563 futuram
1501 2502 1553 2561 exi·-

386 2609 512 2668 stimant
548 2609 619 2668 Fuit
633 2616 729 2670 autem
745 2609 774 2668 d.
790 2608 944 2669 Udulrieus
959 2607 1086 2682 ejusdem
1100 2608 1180 2668 urbis
1195 2607 1301 2682 praesul
1316 2624 1353 2667 ex
1366 2609 1459 2684 stirpe
1474 2608 1552 2667 eomi-

384 2717 446 2772 tnm
469 2714 507 2773 de
529 2713 683 2788 Dillingen.
720 2714 851 2774 Vidimus
870 2715 940 2773 item
960 2712 1037 2775 ades
1061 2713 1183 2775 loannis
1199 2713 1317 2789 Georgii
1338 2714 1485 2789 Fuggeri‚
1508 2711 1553 2773 ubi

385 2815 460 2879 iorte
474 2816 592 2881 lemane
606 2821 711 2879 estium
729 2819 831 2879 domus
846 2824 977 2892 apertum
998 2820 1177 2908 reperientes
1190 2820 1340 2893 iuhemus,
1364 2820 1490 2893 hortum,
1501 2834 1553 2878 am-

384 2910 504 2985 b'ulaera
517 2931 729 2998 concamerata,
752 2941 853 2993 careas
867 2924 936 2983 item
952 2924 1099 2989 voluerum
1114 2925 1242 2999 undique
1256 2922 1304 2985 file
1319 2922 1416 2987 ferreo
1432 2927 1553 2987 obtectas

384 3034 415 3090 et
428 3030 611 3103 receptacula
624 3029 746 3089 fontium
760 3030 1003 3104 perlustravimus.
1027 3031 1066 3090 Et
1081 3030 1158 3105 quod
1172 3032 1284 3091 mireris
1298 3030 1338 3091 ad
1352 3030 1496 3093 aedifieioli
1509 3047 1551 3089 aa·

379 3134 497 3208 jusdam
511 3135 606 3195 solere
619 3134 801 3210 horologium
815 3136 919 3209 parieti
943 3135 1087 3211 depictum
1109 3153 1173 3198 eum
1194 3138 1374 3199 lineamentis
1390 3137 1553 3211 hereseopis

383 3254 418 3300 ac
431 3238 552 3322 umbris
563 3241 622 3301 suis
645 3239 755 3301 affabra
776 3245 963 3316 exornatum,
986 3246 1094 3317 prater
1115 3242 1242 3325 quadiu
1262 3242 1357 3302 medio
1371 3241 1436 3303 lere
1451 3244 1553 3319 pariete

383 3342 515 3425 Augusta
537 3346 606 3407 urbs
628 3352 658 3407 et
678 3347 740 3420 ejus
756 3347 837 3405 situs
857 3348 947 3422 probe
967 3347 1110 3408 delineata
1133 3353 1218 3407 eram
1231 3355 1261 3409 et
1276 3364 1373 3409 omnes
1388 3350 1421 3409 in
1436 3347 1552 3411 confinio

382 3449 470 3511 urbes
488 3467 552 3511 eum
570 3449 735 3513 fluminibus
760 3458 790 3511 et
809 3454 936 3512 amnium
963 3468 1077 3527 quoque
1096 3452 1277 3528 desursibus,
1310 3454 1414 3527 quibus
1438 3453 1553 3529 singula

382 3555 529 3631 adJaeent3
554 3573 606 3631 per
625 3564 710 3619 notas
725 3557 863 3633 quasdam
878 3564 908 3618 et
922 3559 1006 3633 signa
1020 3558 1212 3645 indicebatur,
1228 3559 1267 3619 ad
1281 3558 1357 3633 quod
1371 3559 1552 3623 terrraelima

382 3675 505 3734 quaque
519 3662 588 3722 urbs
607 3664 665 3723 situ
685 3679 738 3724 suo
760 3669 893 3738 vergeret
912 3669 943 3723 et
963 3669 1034 3737 quet
1054 3662 1212 3725 miliaribus
1228 3664 1264 3725 ab
1279 3664 1412 3739 hugueta
1427 3664 1550 3725 distaret.

382 3764 461 3839 Opus
474 3765 602 3840 proiecto
621 3769 668 3829 vel
685 3768 788 3842 apelle
810 3770 857 3829 rel
877 3767 1003 3829 Zeuxide
1018 3768 1143 3845 dignum.
1183 3772 1218 3830 In
1232 3771 1278 3831 his
1292 3768 1404 3837 adibus
1419 3768 1551 3831 archidux

380 3864 594 3933 Maximilianus
613 3889 703 3933 verna
722 3874 825 3935 balnea
847 3873 1001 3948 habuerat,
1027 3877 1175 3937 amedieis
1194 3876 1325 3938 antidoto
1338 3880 1443 3935 souma
1464 3877 1551 3948 longe

381 3972 566 4046 protectionis
591 3964 747 4053 hispanieae
770 3980 952 4040 incommoda
981 3985 1011 4041 et
1036 3987 1137 4043 eontra
1167 3981 1364 4043 ineensuetum
1391 3986 1462 4042 aera
1482 3994 1549 4057 prae·
1639 3972 1640 4007 ³

380 4080 517 4140 munitus.
1249 4104 1253 4109 ·
1453 4079 1456 4087 ’

468 4185 604 4249 Hoieusis
618 4188 714 4250 sariba
727 4190 800 4251 nihil
813 4192 862 4253 hie
875 4190 1016 4267 preficere
1031 4197 1137 4269 potest.
1165 4192 1254 4254 Fiant
1267 4196 1363 4253 umen
1386 4192 1483 4253 emnia
1502 4204 1549 4249 sue

379 4294 517 4364 tempore.
1472 4344 1481 4349 „

467 4396 598 4457 Vidimus
613 4405 644 4459 et
658 4400 759 4460 eedem
772 4400 803 4459 in
818 4399 964 4460 suburbiis
978 4400 1155 4476 Augustauis
1170 4418 1269 4465 versus
1292 4409 1392 4477 portas
1406 4402 1435 4463 d.
1452 4396 1549 4460 Jaoebi

377 4499 502 4559 rieulum
516 4508 547 4561 et
568 4520 652 4563 muro
671 4509 701 4565 et
721 4505 815 4564 tribua
836 4506 929 4580 pertis
945 4505 1073 4567 densum
1088 4506 1215 4569 reditidh
1239 4508 1369 4582 oblongis
1383 4512 1507 4583 quatuor
1520 4504 1547 4563 in

378 4604 541 4667 mones
556 4615 670 4669 eentum
685 4617 715 4672 et
729 4627 781 4671 sex
796 4610 912 4687 divisas,
929 4617 959 4671 at
972 4613 1002 4672 in
1017 4616 1228 4690 superliminari
1243 4619 1391 4691 pertarum
1405 4611 1470 4671 haee
1482 4623 1548 4671 saxo

379 4707 522 4784 insculpta
536 4718 636 4775 eraut:
