3700 5692
972 744 1057 835 ssa

415 953 530 1014 buntur.
554 950 637 1026 Rogo
652 950 740 1025 igitur
754 954 785 1009 et
799 949 928 1011 obtestor
943 966 994 1010 vos
1009 950 1040 1009 in
1054 947 1178 1023 domino,
1188 948 1356 1025 charissimi,
1365 953 1398 1008 ιι
1410 948 1448 1010 ad
1460 949 1571 1025 priorem

415 1056 596 1117 sedulitatem
608 1061 736 1117 restrum
748 1054 945 1128 revertamini,
968 1070 1004 1115 ne
1020 1070 1082 1129 noa,
1107 1056 1156 1127 qui
1171 1054 1210 1115 ad
1224 1054 1300 1114 huuc
1314 1070 1405 1129 usque
1419 1053 1491 1113 diem
1504 1053 1572 1113 vobis

411 1164 442 1221 in
456 1162 545 1222 uerbo
560 1162 668 1222 domini
681 1161 771 1221 multo
786 1160 890 1221 sudore
905 1164 935 1219 et
950 1159 1100 1235 diligentia
1114 1142 1291 1234 praefuimus,
1314 1160 1448 1220 inertiam
1461 1150 1572 1219 ιιιιιιιι

413 1268 508 1327 animo
522 1268 683 1328 recolentes
696 1282 818 1327 merore
839 1272 868 1326 et
886 1265 1006 1326 tristitia
1026 1281 1234 1327 marcescamus
1257 1272 1287 1326 et
1307 1265 1442 1341 gaudium
1460 1269 1572 1324 naum

414 1373 446 1432 in
467 1371 548 1432 vobis
570 1373 741 1447 completum
763 1371 824 1431 fiat.
861 1372 945 1431 Dixit
964 1378 1107 1446 praeterea
1127 1373 1219 1433 multa
1242 1372 1346 1446 sapius
1367 1367 1532 1430 mminsuda
1550 1364 1580 1426 et

416 1479 608 1554 asscribenda,
632 1478 684 1539 sed
706 1479 791 1556 (prob
813 1476 909 1554 dolor)
930 1479 1019 1537 moles
1038 1478 1222 1553 negociorum
1239 1483 1405 1539 nostrorum
1425 1474 1573 1536 memoriam

416 1590 543 1644 nostram
558 1584 663 1644 obruit.
693 1584 754 1658 Da,
778 1585 901 1657 domine,
924 1588 959 1642 ut
976 1582 1096 1645 verbum
1117 1596 1199 1644 tunm
1213 1584 1252 1645 ad
1270 1582 1410 1643 medullas
1425 1581 1517 1641 cordis
1528 1579 1574 1637 nei

416 1693 561 1764 penetret,
585 1687 683 1751 foreat
695 1690 768 1751 illud
783 1696 813 1749 et
826 1691 857 1749 iu
871 1687 930 1748 tide
944 1704 979 1749 ac
992 1690 1132 1765 patientia
1146 1694 1306 1750 conservet.
1337 1688 1440 1748 Amm.

424 1783 426 1786 ’
505 1793 615 1854 Eadem
641 1811 660 1853 a
687 1795 824 1854 concione
848 1794 988 1868 palatium
1015 1796 1214 1857 anamnesis
1241 1794 1378 1870 petimus,
1408 1789 1573 1853 Leonmdun

416 1900 533 1972 praesuli
553 1915 572 1958 a
592 1900 728 1961 cubiculis
745 1900 932 1972 alloquimur.
971 1901 1011 1962 At
1029 1902 1138 1977 praesul
1157 1901 1225 1962 dnm
1244 1900 1281 1961 ad
1300 1904 1415 1975 patrem
1435 1898 1523 1959 abiret
1539 1909 1575 1952 ne

415 2007 586 2081 preteriens
608 2006 728 2067 intuitus
750 2008 803 2067 ait:
831 2007 895 2081 Ego
920 2022 1055 2067 casareae
1078 2006 1222 2081 meiatati
1243 2005 1315 2066 nibil
1338 2005 1450 2065 locutus
1471 2018 1528 2062 ann
1547 1998 1575 2058 da

416 2109 503 2171 rebus
518 2113 631 2172 vestris.
891 2195 894 2198 ¹
1086 2122 1097 2139 ¹

491 2217 656 2282 ¹Invisimus
676 2217 827 2279 Nicolaum
848 2217 944 2278 Maier
965 2232 1000 2277 ac
1022 2216 1058 2278 dc
1079 2218 1220 2278 communi
1242 2210 1360 2291 negocio
1384 2232 1449 2276 cum
1469 2230 1501 2275 co
1522 2228 1575 2272 oona

415 2307 541 2381 tulimus.
573 2322 653 2383 Idem
666 2340 719 2383 nos
734 2322 852 2383 donarit
865 2321 963 2383 libello
978 2322 1114 2383 Ιιοιιιιιι
1130 2320 1166 2383 de
1180 2334 1272 2399 reguo
1286 2322 1328 2383 iili
1343 2338 1362 2381 a
1376 2320 1501 2397 Georgia
1513 2318 1575 2380 Nea*

417 2429 536 2503 georgio
551 2427 629 2489 dato.
829 2508 834 2517 .

503 2532 615 2593 Eadem
627 2532 780 2609 Adolphus
795 2532 973 2593 Coloniensis
988 2534 1219 2609 archiepiscopus
1237 2550 1291 2609 per
1310 2547 1489 2595 cemnomum
1507 2542 1574 2590 suun

416 2638 534 2698 comites
549 2654 567 2697 a
581 2638 724 2699 Waldeclr
738 2640 777 2699 ad
791 2655 904 2699 coenam
919 2639 1083 2700 electoriam
1101 2639 1201 2700 adesse
1212 2640 1307 2715 jussit
1332 2640 1410 2714 Quid
1423 2630 1574 2715 ageremffl

415 2743 481 2804 Mos
496 2744 639 2819 gerendus
654 2748 698 2804 est
712 2745 932 2821 potentioribus,
957 2760 993 2804 ue
1008 2746 1164 2806 crabrones
1179 2746 1352 2808 irritatiores
1366 2744 1530 2807 reddantur.

507 2848 653 2910 conserva
670 2865 726 2926 me,
750 2851 874 2925 domine,
898 2852 949 2925 qni
969 2849 1121 2913 Danielem
1139 2853 1170 2911 in
1190 2852 1285 2913 medio
1305 2852 1463 2928 Babylonis
1482 2850 1516 2911 ab
1532 2848 1574 2906 in·

416 2955 564 3015 munditiis
578 2956 704 3031 Aegypti
719 2955 906 3017 custodivisti.

483 3104 487 3111 -
504 3061 624 3121 Fratres
639 3079 658 3121 a
672 3060 792 3138 prandio
807 3062 1029 3124 attrebatensem
1043 3064 1160 3139 adeunt,
1185 3058 1234 3137 qui
1254 3062 1449 3139 pervigilum
1467 3062 1518 3121 hoe
1530 3056 1575 3117 illis

416 3181 586 3240 responsum
601 3166 690 3243 dedit,
708 3183 741 3227 se
754 3168 889 3228 comitum
903 3169 1136 3230 Waldecansium
1150 3170 1230 3245 apud
1244 3184 1400 3229 cesarem
1413 3168 1575 3242 majmtatem

417 3272 582 3347 diligentem
601 3273 875 3335 commendationem
892 3274 1027 3336 habuisse
1048 3290 1240 3349 caesaremque
1261 3272 1416 3335 ιιιιίιιιιι
1441 3286 1496 3347 qno
1515 3274 1575 3351 unus

414 3378 559 3452 juniorum
573 3380 705 3438 comitum
722 3379 761 3439 ad
774 3385 897 3441 matrem
917 3378 1016 3455 abeat,
1040 3396 1075 3439 ea
1095 3386 1192 3441 tamen
1213 3379 1290 3455 lege,
1313 3383 1347 3438 ut
1365 3380 1446 3441 intra
1466 3386 1575 3437 mensem

415 3489 467 3545 ant
481 3485 543 3560 ipse
557 3489 721 3544 revertatur
735 3489 795 3558 ιιι,
813 3484 882 3558 quid
897 3488 990 3545 mater
1005 3482 1164 3547 consentiat
1178 3502 1232 3545 nec
1247 3480 1293 3561 ne,
1309 3486 1419 3561 scripto
1433 3484 1488 3544 huc
1501 3477 1574 3553 signi*

416 3586 491 3656 fioea
529 3591 723 3665 Interrogavit
744 3596 841 3651 autem
862 3589 982 3664 ιιιιιιι,
1007 3608 1074 3651 num
1097 3590 1227 3653 Eubulus
1251 3607 1364 3665 quoque
1384 3591 1446 3665 jam
1468 3588 1573 3649 classa

415 3692 638 3770 Responderunt
652 3695 770 3757 ιιιιιιιτ
792 3696 869 3770 Non,
892 3710 960 3757 nam
974 3697 1004 3756 in
1018 3698 1143 3773 hospitio
1158 3698 1305 3773 remansit
1338 3696 1411 3755 Turn
1426 3698 1468 3756 ait
1481 3694 1573 3768 episoo

415 3817 483 3876 pus:
505 3800 589 3875 Rogo
603 3782 772 3861 utillimae
786 3802 902 3862 nomine
917 3802 1030 3877 dicatis,
1043 3816 1099 3862 'me
1114 3802 1176 3875 ejus
1192 3818 1306 3877 quoque
1320 3803 1492 3863 mentionem
1509 3790 1574 3871 apud

379 3894 383 3903 '
415 3920 570 3965 cesaream
592 3908 770 3980 ιιιιιιιιιιιι
791 3906 903 3967 iecisse.
943 3907 983 3966 At
1005 3922 1095 3967 caesar
1116 3908 1147 3967 in
1170 3908 1318 3983 proposito
1345 3924 1398 3967 suo
1425 3900 1575 3982 perseverat
1636 3889 1637 3954 l

415 4010 635 4086 necquicquam
647 4010 696 4070 bic
709 4014 854 4073 immutari
867 4012 951 4072 sinet.
982 4012 1155 4087 Eligendum
1173 4014 1262 4087 igitur
1282 4012 1325 4071 illi
1339 4028 1412 4088 esse,
1436 4023 1501 4070 num
1521 4010 1574 4063 clm

415 4114 566 4189 pecuniam
587 4116 715 4190 pendere
737 4118 821 4192 velit,
845 4134 883 4177 an
905 4117 964 4177 alia
986 4118 1047 4193 via,
1071 4123 1104 4178 ut
1125 4120 1230 4192 nostis,
1254 4118 1297 4177 illi
1319 4114 1511 4192 aggredienda
1529 4111 1572 4166 cti«
1635 4112 1636 4127 ¹

416 4220 447 4280 Si
468 4220 662 4296 pecuniariam
685 4238 824 4282 summam
847 4222 918 4283 dare
940 4223 1014 4300 vult,
1038 4224 1076 4284 ad
1098 4238 1144 4283 me
1165 4224 1276 4297 ueniat,
1300 4223 1404 4297 stipsi
1424 4212 1573 4296 capitulatio

325 4344 331 4366 ¹
414 4328 597 4402 praelegetur.
1192 4366 1199 4385 .
1634 4376 1635 4379 ,

502 4433 614 4496 Eadem
634 4434 761 4493 Joannes
781 4433 831 4493 ille
851 4432 984 4506 Noricus,
1008 4428 1066 4508 ιιι
1078 4450 1131 4509 pan
1144 4434 1347 4510 Pinsingerum
1368 4420 1445 4507 apud
1464 4422 1571 4487 ansts·
1634 4452 1635 4518 ι

414 4541 626 4615 tensemagere
642 4538 780 4612 debebat,
803 4538 951 4598 nobiscnm
966 4542 1038 4597 orat.
1500 4574 1507 4581 -

431 4656 443 4663 ·
504 4642 674 4705 Wiibelmus
694 4660 789 4704 comes
812 4644 966 4704 aNassau
987 4658 1052 4702 cnm
1073 4643 1144 4703 nihil
1164 4644 1251 4705 variis
1272 4638 1512 4703 sollicitationibus
1529 4632 1572 4690 nos·
1633 4676 1634 4723 3

415 4744 556 4820 proficere
571 4749 821 4825 animadverteret,
845 4749 994 4808 consilium
1015 4749 1103 4823 dedit,
1126 4753 1159 4807 ut
1178 4755 1290 4824 patrem
1304 4744 1497 4808 luebaoensis
1510 4734 1572 4797 scii*
1633 4734 1634 4797 l

416 4854 463 4907 cet
482 4857 513 4909 et
531 4850 675 4912 dominnm
693 4870 712 4913 a
730 4853 896 4917 Grandveic
914 4870 1092 4930 rogaremus,
1116 4856 1142 4913 si
1156 4855 1180 4915 is
1198 4872 1255 4933 qua
1269 4854 1346 4930 apud
1364 4852 1509 4913 casensem
1522 4854 1572 4901 ¹⁰⁸⁴
