3700 5692
935 710 1005 777 85⁰

476 892 560 956 huno
574 894 682 960 domini
706 893 790 955 1558
806 893 938 956 ianuarii
958 893 1005 955 die
1026 894 1044 953 9
1069 888 1240 955 wilhelmus
1262 898 1293 955 et
1305 892 1449 970 Georgius
1463 893 1554 955 Erne-

388 1005 450 1061 stus
473 1007 556 1075 pater
579 1006 609 1061 et
636 999 712 1060 filius
743 1000 888 1076 principes
917 1004 947 1059 et
968 998 1086 1059 comites
1109 998 1141 1057 in
1160 998 1335 1075 Henneherg
1357 1000 1555 1061 sebastianum

386 1105 583 1181 Vitaenhegen
597 1113 743 1183 satrapam
758 1105 887 1183 ipsorum
905 1106 936 1165 in
952 1103 1068 1165 Calcide
1089 1102 1127 1165 ad
1146 1121 1198 1165 nos
1213 1104 1391 1167 Waldeciam
1409 1107 1555 1181 miserunt,

385 1216 516 1285 petentes
531 1216 563 1271 nt
576 1212 595 1272 J
597 1213 684 1273 oanni
697 1211 847 1273 Friderico
869 1211 988 1271 cle‘ctmi
1007 1226 1116 1271 morem
1130 1217 1334 1285 praestaremus
1352 1228 1387 1273 ac
1401 1211 1440 1272 ad
1454 1210 1557 1271 alber-

385 1322 447 1377 tum
461 1317 657 1377 marchionem
670 1319 796 1379 Prussiae
817 1318 945 1390 legatum
967 1332 1117 1393 ageremus
1139 1318 1253 1378 nomina
1270 1316 1392 1379 loannis
1415 1316 1557 1377 Friderici

386 1426 416 1481 ct
429 1439 488 1483 nna
501 1438 566 1481 cum
584 1424 696 1497 aliquot
715 1423 774 1485 suis
796 1423 970 1483 consiliariis
982 1427 1012 1483 et
1025 1423 1183 1497 theologis,
1203 1428 1237 1483 ut
1258 1439 1294 1484 ex
1312 1420 1504 1499 infrascriptis
1517 1422 1557 1497 pii

384 1525 521 1601 principis
536 1528 616 1603 pium
629 1528 787 1603 principem
801 1526 901 1588 videre
916 1533 971 1588 est.

474 1633 615 1706 Quoniam
635 1636 726 1693 ianus
747 1636 791 1691 est
811 1634 1021 1709 omnishomo,
1047 1634 1128 1694 mitte
1150 1640 1181 1695 tn
1203 1634 1274 1693 mihi
1287 1635 1422 1709 angelum
1436 1633 1556 1707 consilii,

386 1737 499 1798 domine
515 1738 602 1813 deus,
625 1739 744 1799 verbum
760 1743 789 1798 et
803 1742 928 1797 mentem
942 1739 1046 1799 almam
1061 1746 1140 1800 tuam
1155 1738 1298 1799 dominnm
1313 1744 1444 1799 nostrum
1458 1738 1558 1798 desum

388 1842 540 1917 Christum,
557 1844 607 1918 qui
621 1844 726 1919 spiritu
740 1859 792 1903 sno
807 1843 893 1919 bono,
910 1844 980 1918 quid
998 1842 1074 1904 lecto
1090 1861 1161 1919 opus
1176 1846 1223 1919 sit,
1239 1844 1366 1905 instillet
1394 1842 1499 1903 Amen.

472 1950 501 2011 N
503 1966 559 2011 ona
573 1949 620 2010 die
634 1949 767 2011 ianuarii
782 1948 982 2010 annoehristi
993 1951 1082 2011 ·1553
1099 1950 1247 2011 Waideck.

473 2054 604 2115 Mirabili
618 2057 740 2116 scientia
762 2060 822 2131 tua,
844 2056 925 2130 deus,
947 2055 1084 2117 mirabilis
1104 2061 1133 2116 ct
1148 2056 1326 2131 omnipotens
1341 2054 1372 2115 in
1385 2055 1453 2115 altis
1469 2055 1557 2115 domi·

385 2178 439 2223 nus
454 2162 532 2222 solus
547 2162 662 2236 sapiens
673 2162 770 2235 justus
786 2168 817 2222 et
830 2161 922 2221 bonus
938 2166 968 2219 et
981 2176 1050 2221 vere
1071 2162 1176 2223 nullius
1192 2162 1373 2237 quantumvis
1389 2161 1558 2235 inspeciem

334 2297 337 2304 »
384 2265 425 2343 pii
438 2268 516 2341 regie
531 2266 577 2326 vel
595 2268 781 2341 magistratus
802 2273 946 2341 sceptrum
966 2273 1077 2327 rectum
1099 2273 1144 2326 est
1165 2273 1271 2342 praeter
1291 2269 1377 2326 unius
1392 2267 1559 2341 sempiterni

385 2376 415 2453 et
429 2387 447 2432 a
460 2376 545 2447 patre
559 2372 670 2437 coelesti
684 2389 772 2448 super
788 2372 857 2432 Sion
875 2377 1006 2432 sanctum
1027 2378 1151 2433 montem
1173 2390 1255 2433 suum
1275 2374 1311 2435 ah
1326 2378 1437 2433 aeterno
1453 2372 1557 2431 consti-

385 2479 441 2538 tuti
454 2479 531 2553 regis
554 2479 637 2555 virga
656 2478 836 2540 rectitudinis
856 2479 939 2553 virga
961 2478 1045 2553 regni
1059 2478 1112 2539 sui.
1150 2480 1226 2539 Hinc
1241 2479 1403 2558 experimur
1423 2494 1558 2552 proceres

383 2584 531 2659 religionis
551 2591 657 2645 nostrae
679 2585 821 2644 loannem
844 2584 1024 2645 Fridericum
1043 2584 1196 2647 electorem
1220 2582 1382 2661 proditione
1397 2582 1558 2643 suorumin

384 2706 485 2750 manus
499 2690 625 2751 hostium
645 2691 787 2766 captivum
804 2689 968 2766 devenisse,
992 2688 1148 2751 chricum
1168 2690 1321 2751 Otthonem
1339 2691 1368 2749 ui
1389 2705 1558 2766 oppressum

383 2801 415 2855 et
428 2794 594 2870 regionibus
609 2798 669 2856 suis
684 2801 804 2855 exutum
818 2793 915 2871 fuisse,
932 2788 1109 2873 Philippum,
1131 2801 1164 2856 ut
1185 2797 1244 2855 suis
1260 2795 1462 2855 exterminium
1477 2795 1559 2856 ditio·

385 2919 453 2962 uum
467 2906 555 2977 atque
569 2899 739 2961 facultatum
753 2906 878 2977 caveret,
895 2918 948 2961 sna
963 2907 1066 2978 sponte
1080 2902 1110 2960 in
1125 2900 1286 2961 custodiam
1306 2902 1423 2961 minime
1437 2899 1557 2961 liberam

384 3023 415 3067 sc
429 3008 524 3083 ipsum
537 3007 685 3070 obtulisse.
708 3008 749 3067 Et
762 3013 950 3081 posteaquam
967 3006 1006 3082 hi,
1023 3024 1145 3082 quornm
1158 3008 1267 3067 mendo
1281 3006 1328 3066 hic
1343 3004 1421 3083 lacta
1434 3012 1489 3082 est,
1505 3008 1555 3067 im·

384 3128 483 3172 mensa
497 3112 545 3173 dei
558 3112 703 3187 bonitate,
726 3114 775 3187 qui
797 3128 864 3173 suos
890 3114 920 3172 in
935 3110 1020 3173 finem
1036 3113 1082 3191 (ut
1096 3130 1160 3174 cum
1174 3112 1287 3173 Davide
1301 3109 1418 3187 loquar)
1434 3130 1494 3171 non
1509 3112 1557 3173 de-

287 3226 292 3237 ·
384 3218 535 3294 relinquit,
563 3218 694 3277 hilariori
714 3218 778 3277 illos
799 3219 945 3280 arridente
964 3216 1080 3279 fortuna
1099 3220 1186 3279 terris
1206 3220 1265 3278 auis
1286 3217 1394 3279 redditi
1413 3223 1498 3292 sunt,
1522 3234 1557 3277 en

384 3330 466 3384 vetus
481 3325 530 3385 ille
544 3328 643 3384 noster
657 3324 857 3400 adversarius,
874 3326 923 3399 qui
938 3325 1028 3386 leonis
1043 3324 1135 3385 instar
1148 3326 1303 3401 rugientis,
1324 3340 1458 3399 quaerens
1475 3341 1557 3399 quem

383 3430 512 3505 devoret,
528 3430 665 3505 circumit,
685 3430 852 3505 Albertum,
872 3432 953 3503 cujus
970 3448 1074 3491 nomen
1089 3429 1127 3491 oh
1141 3432 1256 3507 pietatis
1272 3436 1301 3491 at
1315 3430 1483 3490 eximiarum
1499 3432 1555 3491 vir-

384 3541 477 3597 tutum
491 3535 621 3612 laudem,
642 3552 706 3609 qnae
732 3552 790 3595 non
809 3535 894 3595 ahter
912 3552 948 3594 ac
964 3538 1120 3612 parietaria
1139 3534 1231 3596 herba
1246 3536 1386 3611 excrevit,
1403 3536 1558 3595 multorum

383 3640 464 3701 libris
478 3639 627 3718 praefixum
642 3630 695 3717 est,
711 3642 742 3700 in
758 3657 886 3700 errorem
900 3641 1021 3729 induxit.
1049 3643 1200 3702 Discamns
1215 3644 1302 3717 igitur
1318 3640 1433 3701 domino
1449 3642 1558 3701 servire

383 3748 414 3807 in
428 3748 531 3807 timore
546 3751 576 3806 et
590 3748 720 3808 exultare
735 3748 835 3807 sicum
849 3753 984 3821 tremore,
998 3755 1028 3809 et
1038 3766 1097 3809 non
1108 3750 1139 3809 in
1150 3749 1256 3808 naamis
1268 3748 1394 3807 consiliis
1405 3751 1435 3806 et
1450 3746 1558 3808 domini

387 3853 479 3927 donis,
494 3851 598 3927 quibus
612 3854 757 3913 abutimur
772 3853 901 3927 neglecto
916 3853 1018 3941 datore
1032 3853 1101 3930 deo,
1121 3855 1214 3915 sedin
1230 3870 1280 3929 eo,
1298 3852 1334 3913 de
1349 3868 1406 3927 quo
1421 3851 1453 3913 in
1464 3854 1558 3927 capite

383 3958 450 4020 libri
464 3959 600 4032 scriptum
615 3962 668 4031 est,
683 3959 765 4033 virga
774 3959 953 4019 rectitudinis
963 3961 1044 4035 virga
1058 3962 1142 4037 regni
1156 3962 1198 4021 tui
1209 3957 1295 4020 fidem
1305 3964 1335 4019 et
1348 3964 1429 4034 spem
1444 3974 1558 4017 omnem

383 4064 534 4125 collocare.
573 4062 667 4137 Super
686 4068 782 4123 autern
802 4062 886 4124 uobis
901 4063 1015 4125 Christo
1036 4067 1152 4143 auspice
1171 4069 1201 4126 in
1224 4065 1270 4124 his
1293 4064 1481 4123 tantisrualis
1497 4065 1559 4123 haec

384 4186 449 4246 spes
464 4173 517 4245 est,
533 4166 612 4243 quod
625 4170 705 4242 impii
720 4176 750 4229 ct
764 4170 881 4243 tyranni
895 4170 952 4228 imo
965 4187 1035 4231 vasa
1045 4173 1096 4231 irae
1112 4172 1252 4241 tolluntur
1267 4173 1297 4230 in
1312 4171 1461 4245 meamus
1476 4172 1558 4247 lapsu

382 4275 517 4351 graviore
531 4279 617 4334 ruant
631 4274 757 4349 nihilque
772 4274 818 4333 dei
833 4275 877 4333 sni
892 4275 1051 4337 bonitatem
1073 4284 1218 4339 morantes
1234 4283 1373 4337 aeternam
1388 4281 1499 4335 aeterne
1514 4278 1556 4335 in-

383 4384 507 4441 tereant.
530 4380 577 4439 Pii
591 4361 660 4441 vero
675 4388 705 4441 et
718 4379 819 4443 fideles
834 4398 871 4442 ex
881 4368 945 4442 'alto
960 4386 1056 4458 ruunt,
1073 4382 1150 4444 utin
1166 4384 1333 4459 semetipsos
1349 4380 1558 4441 descendentes

383 4487 488 4561 agnitis
502 4487 628 4560 peccatis
643 4489 674 4544 ct
688 4491 806 4561 arrepta
820 4489 1019 4548 misericordia
1033 4505 1087 4563 per
1101 4486 1186 4548 fidem
1200 4490 1231 4547 in
1244 4488 1357 4548 Christo
1372 4484 1558 4561 pacificatore

383 4596 545 4667 resurgant.
566 4591 630 4653 Hoc
641 4592 736 4666 ipsum
744 4590 865 4653 alberto
874 4592 1013 4668 nobisque
1028 4592 1158 4655 omnibus
1173 4592 1392 4669 benignissimus
1407 4598 1494 4669 peter
1508 4592 1558 4651 dc·

383 4697 453 4755 mini
468 4696 559 4786 nostri
573 4694 644 4774 Jesu
659 4694 766 4756 Christi
788 4697 825 4757 oh
844 4715 923 4776 enm,
950 4716 1034 4774 quem
1056 4715 1110 4775 pro
1132 4698 1214 4758 nobis
1230 4699 1373 4757 victimam
1388 4713 1452 4757 esse
1467 4696 1557 4757 voluit
1582 4754 1585 4760 .

384 4800 625 4860 inremissionem
639 4806 836 4877 peccatorum,
858 4822 912 4883 per
927 4804 1058 4879 spiritum
1080 4808 1210 4865 amotum
1225 4818 1307 4862 suum
1322 4802 1361 4863 ud
1375 4801 1497 4863 nominis
1511 4801 1556 4859 sui
