3700 5692
969 704 1031 767 106

412 889 468 963 ipsi
491 904 527 946 ex
549 888 604 946 hoc
627 884 810 944 consecuturi
832 889 938 943 essem.
976 884 1059 957 Quod
1080 889 1176 945 eutem
1199 883 1343 945 addiderit
1365 884 1401 945 de
1423 885 1571 959 putatione,

409 992 569 1066 abjectione
597 997 626 1049 et
651 990 832 1063 colligatione
858 986 1022 1064 inimgiferi
1050 989 1173 1062 palmitis
1196 989 1265 1062 igue
1287 989 1484 1065 comburendi,
1506 1005 1572 1049 oon·

409 1098 594 1180 minat-ionem
609 1111 672 1155 esse
688 1095 844 1168 cumiusta
858 1094 1002 1153 antithesi.
1033 1093 1153 1155 Duobus
1167 1098 1263 1153 numm
1277 1093 1368 1155 modis
1385 1111 1440 1157 uos
1453 1095 1485 1153 iu
1500 1094 1571 1153 Chri·

409 1205 454 1260 sto
477 1217 534 1260 non
556 1216 672 1258 manere
695 1198 779 1271 dixit;
808 1200 988 1273 primosum
1015 1199 1134 1259 uerbum
1161 1200 1223 1273 eius
1250 1198 1393 1273 auditum,
1421 1198 1574 1259 sedcorde

410 1304 524 1364 Christo
539 1320 598 1363 nou
617 1303 809 1375 amaremus
833 1303 958 1364 secundo
977 1302 1047 1363 dum
1067 1304 1185 1364 verbum
1203 1302 1318 1377 quidem
1337 1304 1399 1377 ejus
1418 1304 1574 1377 arripimus,

409 1410 440 1470 id
454 1412 548 1485 ipsum
561 1409 593 1467 iu
607 1406 695 1468 corde
715 1407 797 1467 uobis
817 1423 932 1481 quoquo
952 1407 1097 1484 dulcescit,
1121 1409 1172 1469 sed
1192 1413 1289 1469 umen
1308 1424 1361 1483 per
1383 1409 1471 1481 hujus
1485 1408 1575 1467 muudi

409 1515 558 1574 illecebras
580 1513 626 1572 vel
647 1509 821 1571 tentationes
843 1512 1015 1586 repedemus
1036 1518 1128 1588 retro,
1152 1516 1227 1573 sieut
1246 1518 1276 1573 et
1299 1512 1431 1574 Christus
1455 1512 1575 1573 domiuus

409 1620 440 1679 iu
453 1618 592 1693 parabola
605 1617 772 1676 seminantis
787 1617 823 1677 de
838 1619 946 1678 semine
960 1618 1079 1678 cadente
1098 1618 1175 1677 inter
1194 1619 1291 1693 spinas
1309 1619 1421 1679 monuit
1441 1624 1496 1677 etc.
1519 1616 1575 1677 'Do

409 1724 503 1783 minus
516 1727 614 1783 autem
627 1727 751 1796 quatuor
768 1724 816 1781 hic
829 1724 1017 1783 comminatus
1037 1728 1090 1797 est,
1113 1723 1222 1783 scilicet
1239 1720 1318 1783 foras
1338 1724 1482 1798 ejicietur,
1504 1738 1575 1783 ares·

409 1835 464 1903 cot,
487 1827 636 1902 colligetur
650 1832 679 1886 et
693 1828 860 1903 projicietur
873 1829 905 1886 iu
919 1830 1023 1902 ignem
1055 1828 1129 1887 Nam
1147 1828 1273 1903 palmitis
1294 1828 1344 1902 qui
1364 1844 1383 1885 a
1403 1829 1465 1887 uite
1480 1828 1575 1889 resciu-

410 1933 488 1993 ditur
503 1933 568 2006 quis
583 1948 650 1993 usus
666 1931 729 1993 esti
759 1933 877 1992 Nullum
891 1932 968 1991 onim
987 1931 1104 1991 odorem
1123 1932 1221 2007 habet,
1244 1949 1297 1993 uec
1316 1932 1402 2007 sapit,
1426 1948 1483 1993 uec
1501 1938 1575 2005 aptus

409 2043 454 2099 est
467 2037 505 2099 ad
520 2053 592 2113 opus
606 2035 682 2095 iabri
697 2030 821 2111 lignarii,
845 2053 899 2097 nec
913 2036 977 2097 ioco
997 2035 1192 2110 calefaciendo
1212 2036 1338 2111 prodest
1369 2037 1452 2097 Dicit
1472 2054 1576 2111 quoque

408 2149 528 2217 arescet,
552 2142 630 2215 quod
651 2148 902 2216 quantumcunque
922 2142 1053 2215 speciosa
1073 2142 1225 2201 videantur
1245 2157 1347 2216 opera,
1371 2143 1450 2201 siin
1471 2140 1575 2201 Christo

410 2264 470 2308 non
490 2248 744 2323 permanserimus,
769 2245 886 2307 undem
908 2252 1107 2307 tumescentes
1130 2253 1161 2308 ot
1182 2248 1301 2309 euocati
1322 2246 1490 2311 reddemur.
1527 2244 1576 2305 Sed

408 2354 559 2427 impiorum
580 2352 635 2411 hoc
656 2351 695 2411 sit
714 2351 873 2425 ingenium,
903 2355 936 2409 nt
956 2348 1148 2426 parvifaciunt
1169 2336 1232 2413 esse
1255 2355 1286 2413 iu
1307 2350 1444 2427 Christo,
1463 2352 1576 2425 quinat

389 2445 532 2537 *mundus
549 2457 579 2517 id
597 2473 655 2518 uon
675 2455 829 2517 admodum
847 2458 967 2531 appetit.
1005 2457 1129 2519 Mallont
1148 2459 1223 2519 enim
1243 2458 1386 2531 nonnulli,
1413 2457 1440 2515 si
1459 2472 1496 2516 ex
1508 2455 1575 2531 ipso

409 2580 473 2625 rum
501 2566 569 2622 voto
597 2563 726 2635 cederet,
754 2565 815 2621 suis
843 2560 1037 2635 voluptatibus
1064 2564 1096 2620 in
1125 2562 1180 2623 hoc
1201 2564 1308 2623 mundo
1335 2561 1394 2623 frui
1423 2567 1455 2621 et
1478 2559 1575 2621 caelum

412 2666 527 2727 Christo
542 2669 573 2723 in
587 2671 758 2739 perpetuum
777 2665 918 2738 inquere.
951 2666 1014 2739 Quo
1033 2674 1129 2727 autern
1149 2673 1320 2742 agnoscent,
1344 2669 1369 2727 si
1390 2669 1424 2726 in
1445 2668 1504 2727 vite
1522 2680 1574 2723 ma-

410 2787 480 2831 nere
494 2770 596 2844 nolint,
611 2769 643 2828 id
658 2786 708 2828 eos
721 2786 782 2829 non
794 2771 911 2844 impunc
925 2770 1045 2846 laturos,
1062 2771 1191 2833 Christus
1208 2772 1300 2845 addit,
1322 2772 1508 2845 colligentur,
1529 2771 1576 2829 hoc

409 2881 463 2950 est,
486 2892 550 2934 cum
563 2874 657 2933 nolint
670 2874 702 2933 iu
716 2872 832 2934 Christo
850 2890 1030 2949 permanere,
1053 2877 1141 2940 verbo
1159 2878 1293 2950 ligantur
1306 2880 1335 2935 et
1353 2880 1494 2951 uuquam
1510 2873 1575 2933 aridi

410 2982 543 3055 palmites
557 2981 697 3053 inignem
712 2980 911 3052 conjicientur,
935 2984 1022 3054 atque
1036 2982 1099 3041 hsec
1114 2982 1227 3041 demum
1242 2996 1312 3042 vera
1326 2986 1372 3041 est
1391 2979 1574 3041 excommuni-

409 3087 496 3145 catio.
527 3082 657 3144 Adduxit
670 3088 701 3143 et
714 3100 750 3143 ex
763 3082 914 3143 Ezechiele
928 3085 1023 3145 locum
1038 3085 1074 3145 de
1088 3086 1227 3159 parabola
1241 3087 1308 3147 ritis
1328 3092 1358 3147 et
1372 3085 1410 3145 de
1430 3086 1576 3147 inutilitate

410 3188 539 3262 ejusdem
552 3190 709 3249 arescentis
725 3192 779 3248 etc.
795 3204 857 3261 cap.
877 3193 927 3248 17.
958 3191 998 3249 Et
1016 3192 1204 3263 projicientur
1224 3193 1254 3249 in
1268 3192 1373 3265 ignem,
1396 3190 1448 3251 hio
1462 3192 1574 3263 oritpe

410 3301 533 3356 suemus
547 3293 632 3368 hujus
647 3294 771 3354 convivii
789 3295 903 3367 mssus
927 3296 952 3353 si
971 3296 1002 3353 in
1020 3296 1079 3355 vite
1099 3312 1157 3355 nou
1176 3294 1395 3369 permanserint,
1420 3298 1576 3355 arescentes

410 3404 511 3474 postea
528 3406 559 3459 at
577 3399 633 3457 sihi
651 3398 745 3457 relicti
764 3400 954 3471 projicientur
973 3400 1132 3474 inignem,
1156 3402 1260 3474 iguem
1283 3402 1410 3473 inquam,
1435 3406 1575 3473 aternum,

410 3503 460 3564 uhi
481 3506 538 3564 erit
558 3501 643 3563 fletus
662 3508 693 3561 et
712 3502 821 3562 stridor
842 3503 969 3563 dentium
992 3509 1021 3563 et
1040 3504 1119 3565 nulla
1140 3506 1307 3577 redemptio.
1345 3504 1402 3563 Hic
1421 3504 1528 3584 diserte
1545 3500 1575 3559 de

410 3610 554 3669 hereticis
568 3609 688 3682 aliquot,
703 3608 769 3667 aliis
782 3606 928 3668 inierunm
941 3610 1122 3685 negantibus,
1143 3610 1209 3669 aliis
1222 3608 1299 3667 huuc
1312 3609 1409 3682 iguem
1425 3612 1574 3669 amanuen-

409 3716 500 3788 tihus,
524 3710 695 3787 quibusdam
718 3714 804 3772 etiam
826 3715 967 3773 neminem
990 3714 1021 3771 in
1042 3712 1202 3786 gehennam
1224 3714 1340 3787 conjicii
1361 3710 1574 3783 affirmantibus,

410 3819 517 3891 docmt,
539 3821 628 3891 atque
640 3818 743 3876 horum
758 3823 930 3891 argumenta
944 3819 1096 3891 proposuit
1108 3834 1230 3893 moxque
1245 3814 1472 3877 confutationem
1486 3830 1575 3877 eorum

409 3940 446 3981 ex
465 3922 547 3981 libris
572 3921 601 3981 d.
623 3921 736 3980 Aurelii
756 3921 912 3995 Augustini
935 3922 1068 3999 adduxit,
1096 3922 1149 3983 hos
1171 3923 1287 3997 ultimos
1309 3922 1510 3983 misericordes
1529 3936 1573 3993 ap·

410 4027 513 4099 pelluri
531 4027 582 4083 ait.
618 4025 680 4083 Nos
699 4030 796 4084 summ
814 4028 903 4087 verbo
925 4028 1034 4087 domini
1055 4025 1141 4088 fidem
1161 4026 1270 4087 habere
1286 4027 1387 4101 jussit,
1412 4027 1485 4105 certi
1505 4021 1574 4097 quod

410 4131 493 4190 electi
507 4131 539 4189 in
553 4130 642 4189 vitam
656 4134 801 4204 aeternam,
823 4132 969 4192 maledicti
984 4138 1013 4191 et
1027 4133 1106 4205 impii
1120 4131 1260 4205 inignem
1275 4136 1415 4189 aeternum
1429 4134 1495 4205 post
1508 4129 1575 4187 hano

409 4236 499 4293 vitam
517 4236 680 4293 moremur-i
699 4236 770 4294 sint:
794 4236 945 4295 cousulens
964 4237 1054 4309 igitur
1073 4241 1106 4297 ut
1124 4252 1263 4295 memores
1283 4251 1409 4295 essemus
1429 4220 1573 4320 'ruborum

410 4339 518 4399 Christi
540 4345 571 4399 et
591 4338 684 4397 Deum
706 4354 855 4398 oraremus
876 4344 910 4398 ut
931 4342 961 4397 in
983 4357 1053 4401 uera
1075 4342 1133 4399 vite
1155 4341 1286 4415 palmites
1311 4339 1435 4401 fructum
1456 4338 1573 4399 ferentes

409 4441 601 4519 efficeremur,
625 4460 661 4504 nc
675 4445 778 4503 harum
792 4445 934 4503 minarum
948 4447 1104 4521 participes
1118 4444 1260 4506 fieremus.

457 4589 461 4598 »
499 4548 600 4609 Comes
615 4566 634 4609 a
647 4526 766 4608 Nasson
775 4553 812 4622 ct
825 4548 971 4609 Adrianus
986 4566 1004 4608 e
1018 4523 1139 4610 Zortzsn
1153 4556 1258 4627 rogatu
1272 4548 1393 4611 meum
1407 4554 1570 4615 noseorum,

410 4670 474 4726 quae
488 4661 580 4712 mator
594 4669 694 4711 eorum
708 4652 764 4711 huc
778 4652 815 4711 de
829 4656 857 4712 vi
873 4657 903 4711 et
917 4654 1031 4726 injuriis
1048 4655 1321 4715 Volckmariensinm
1336 4672 1389 4729 per
1402 4656 1499 4715 literas
1512 4665 1570 4709 cou-

413 4760 604 4829 questaerat,
618 4756 832 4830 archiepiscopo
847 4756 1012 4815 Coloniensi
1029 4757 1204 4820 obtulerunt.
1229 4762 1334 4821 Verum
1349 4762 1496 4833 episcopus
1509 4752 1569 4829 ipsis
