3700 5692
860 739 924 806 135

395 922 507 994 Eadem
521 922 641 986 Liboric
661 923 820 999 irrjuuctum
842 927 896 998 est,
919 928 954 983 ut
965 923 1141 999 petitionem
1161 924 1240 1000 apud
1260 924 1481 987 Atrebateusem

303 1036 469 1102 renovaret
714 1107 718 1111 ᾗ
831 1090 836 1094 .

395 1135 506 1197 Eadem
520 1136 649 1197 loannes
662 1134 756 1195 irater
769 1138 869 1194 noster
882 1134 1035 1195 Erasmuut
1054 1154 1073 1197 a
1091 1136 1254 1199 Rumbardt
1272 1138 1303 1203 in
1317 1140 1481 1203 mutatum

304 1243 454 1317 premisit,
478 1243 525 1301 cui
538 1240 576 1301 ad
591 1239 811 1302 Scbonstadium
825 1246 855 1299 et
875 1228 1071 1302 Hermannum
1086 1244 1190 1305 Nellen
1208 1244 1321 1303 litteras
1341 1244 1479 1305 dedimus.

394 1346 548 1421 Philippus
560 1362 617 1407 ron
636 1346 689 1405 der
703 1346 838 1421 Bruggen
858 1362 911 1422 per
930 1346 1067 1409 famulum
1088 1350 1243 1411 »interim«
1264 1348 1336 1409 illud
1355 1351 1480 1423 repetiit,
1540 1389 1542 1393 -

302 1450 384 1525 quod
398 1453 485 1512 atilli
499 1452 650 1511 remissum
669 1456 722 1511 est
758 1451 871 1511 Eadem
883 1452 1021 1524 ‚comitem
1036 1454 1217 1545 Wilhelmuur
1234 1456 1391 1530 irrisimus,
1415 1470 1479 1515 cum

302 1563 408 1631 quo-et
421 1557 522 1632 pransi
536 1573 643 1617 sumus.
1371 1550 1375 1559 ’

392 1662 523 1724 Vidimus
536 1663 744 1724 habitationem
756 1662 890 1737 magistri
904 1660 1018 1723 Glaseri
1032 1681 1066 1725 ao
1080 1665 1124 1725 illi
1137 1666 1334 1741 indicavimus,
1351 1682 1415 1740 quae
1435 1680 1479 1725 se·

301 1769 380 1832 niori
394 1769 491 1829 comiti
505 1769 743 1845 Henuebargensi
757 1768 963 1843 perscribenda
977 1777 1082 1831 essent.
1352 1835 1356 1841 ,

392 1874 504 1935 Eadem
527 1873 628 1934 doctor
648 1856 747 1935 Simon
764 1874 800 1935 de
820 1874 998 1939 blnndtbuer
1016 1879 1047 1935 in
1066 1876 1221 1950 hospitium
1241 1882 1369 1937 nostrum
1391 1876 1477 1951 veuit,

300 1977 353 2057 qui
367 1978 475 2053 ajebat,
500 1996 531 2040 se
545 1997 599 2040 nos
614 1984 682 2039 ante
696 1995 788 2039 annos
803 1981 906 2054 viginti
921 1982 952 2040 in
966 1981 1063 2043 libello
1078 1983 1208 2057 legentes
1228 1983 1270 2041 illi
1291 1983 1403 2043 obviam
1418 1981 1432 2041 f
1465 2012 1477 2027 ·

301 2091 357 2145 tos.
396 2086 426 2143 Is
447 2101 524 2146 nuno
544 2085 651 2155 loanni
672 2085 710 2146 ab
731 2083 897 2161 Eiseubarg
918 2086 1132 2162 archiepiscopo
1160 2088 1325 2149 Trevirensi
1348 2087 1478 2147 emedi-

300 2190 374 2249 ciuis
390 2195 443 2250 est.
955 2238 958 2243 .
1206 2229 1212 2235 ι
1429 2264 1434 2269 ,

316 2347 319 2354 ,
392 2294 479 2370 Apud
493 2296 623 2357 comitem
638 2312 657 2355 a
670 2296 785 2356 Nesseo
798 2298 930 2356 comitem
945 2296 981 2357 de
995 2297 1117 2373 Dengen
1132 2297 1262 2373 vidimus,
1272 2298 1322 2373 qui
1336 2296 1477 2378 Budingae

299 2404 467 2489 conversari
489 2403 571 2463 solet.
609 2402 722 2463 Eadem
744 2401 865 2461 vidimus
886 2402 1040 2465 histriones
1066 2406 1250 2465 cothurnatos
1273 2420 1324 2465 sex
1346 2410 1376 2465 et
1397 2408 1477 2477 peta-

188 2591 189 2594 *
299 2514 381 2585 satos
400 2513 490 2582 wntae
512 2508 650 2583 agilitatis
671 2524 703 2568 se
724 2508 755 2567 in
776 2524 863 2582 gyros
883 2515 913 2569 et
934 2510 1099 2575 saltationes
1119 2507 1279 2585 fleemntes,
1303 2515 1337 2569 ut
1356 2510 1477 2571 antehac

305 2631 437 2688 uuquam
450 2614 580 2688 viderim,
601 2630 665 2674 cum
679 2631 733 2688 pro
746 2614 851 2689 maiori
865 2616 994 2690 corporis
1008 2622 1091 2689 purte
1106 2616 1176 2677 nudi
1190 2622 1295 2677 esseut.

391 2720 497 2782 Florus
507 2719 729 2784 Atrebatensem
743 2725 811 2793 ante
824 2720 972 2782 meridiem
987 2721 1094 2796 alloqui
1108 2739 1166 2782 non
1181 2725 1284 2798 potuit.
1313 2724 1342 2782 A
1356 2722 1478 2798 prandio

298 2832 400 2887 autem
414 2826 511 2887 multis
531 2842 595 2885 cum
616 2825 738 2899 coegit.
769 2827 877 2887 Verum
896 2834 963 2902 post
981 2814 1142 2903 petitiones,
1165 2830 1360 2894 altricationes
1381 2835 1410 2889 et
1430 2842 1478 2889 ex·

299 2932 466 2996 emesenae
479 2931 534 2991 boc
548 2930 665 2991 tandem
679 2933 810 3005 responsi
828 2934 904 3008 tulit,
920 2934 1142 2995 attrebatensem
1156 2936 1261 3011 omnia,
1282 2951 1346 3009 qnae
1361 2952 1478 2995 suarum

298 3039 406 3100 virium
425 3034 542 3111 iueriut,
557 3036 773 3110 diligentissime
796 3038 874 3111 apud
896 3041 1102 3115 imperatorem
1123 3042 1229 3117 egisse,
1254 3040 1327 3101 adeo
1350 3045 1383 3100 ut
1403 3056 1478 3115 pene

298 3144 374 3203 iram
388 3142 513 3203 Caesaris
531 3143 588 3202 mei
608 3159 677 3216 ergo
698 3145 873 3217 incurreret,
896 3159 950 3201 uec
971 3150 1067 3203 amen
1089 3146 1231 3205 Oaesarem
1251 3145 1328 3206 flecti
1350 3148 1478 3221 potuisse

299 3250 407 3311 denuo.
439 3250 469 3309 Si
484 3251 546 3324 ipse
560 3250 600 3312 de
612 3249 670 3309 alis
685 3249 733 3308 via
747 3248 875 3322 cogitare
889 3263 1014 3322 possem,
1039 3265 1102 3308 eum
1117 3250 1303 3311 libentissime
1318 3251 1388 3309 mihi
1403 3268 1477 3326 pra·

299 3355 375 3414 sidio
389 3353 526 3415 futurum.
565 3355 628 3415 Neo
641 3354 793 3440 quicquam
807 3356 956 3414 xeniorum
972 3358 1022 3413 aut
1041 3371 1192 3415 munerum
1213 3372 1244 3415 se
1265 3356 1373 3416 ambire
1393 3356 1475 3415 dixit.

298 3462 431 3536 Insuper,
451 3461 556 3537 inquit,
575 3460 674 3521 intime
686 3460 731 3519 illi
745 3461 912 3535 compatior.
944 3459 1015 3519 dum
1030 3460 1164 3524 Liberius
1178 3461 1220 3520 illi
1233 3461 1477 3535 importunitatem

298 3583 384 3627 suam
398 3566 556 3631 condonari
567 3572 746 3643 precaretur,
762 3566 931 3642 respondet:
954 3567 1021 3639 Non
1036 3567 1093 3627 eris
1107 3566 1178 3642 ,mihi
1193 3568 1338 3643 molestus,
1362 3566 1477 3627 audiam

299 3674 415 3748 quoties
429 3674 554 3745 ,ueneris

390 3777 514 3855 Adiutor
528 3780 559 3839 in
574 3774 789 3855 opportunitate
801 3783 834 3845 et
848 3793 919 3852 spes·
930 3774 1100 3837 afflictorum
1115 3778 1203 3853 Deus,
1227 3794 1264 3837 ne
1282 3792 1334 3837 nos
1349 3776 1475 3844 deseras.

299 3886 449 3947 Memento
463 3885 660 3962 promissionis
674 3890 742 3959 tuae,
755 3886 804 3959 qui
818 3900 871 3959 per
885 3901 918 3944 os
933 3884 1082 3959 prophetae
1097 3885 1140 3943 tui
1154 3884 1265 3945 dixisti:
1293 3884 1347 3943 «Iu
1362 3883 1409 3943 dia
1423 3884 1475 3949 tri-

300 3991 458 4053 bulationis
472 3993 574 4051 invoca
587 4007 633 4051 me
647 3997 677 4051 et
695 4006 749 4065 ego
769 4008 867 4051 eruam
886 3997 948 4058 ta«
980 3990 1046 4053 Tibi
1061 3991 1249 4065 peccavimus,
1265 4006 1301 4049 ne
1316 3994 1411 4051 autem
1426 3990 1477 4051 des

299 4098 452 4157 remmmm
466 4102 554 4171 tumn
576 4098 614 4157 ob
635 4102 749 4160 nerbas
771 4098 1014 4170 transgressiones
1042 4095 1183 4158 dedecore
1210 4098 1246 4157 ab
1268 4097 1362 4171 impiis
1389 4092 1475 4155 uilici.

300 4202 373 4277 Quis
388 4206 485 4273 autem
500 4218 555 4277 ego
570 4218 642 4277 sum,
666 4203 691 4261 si
705 4218 763 4262 non
777 4200 925 4263 reflexeris
947 4204 978 4261 in
996 4200 1097 4262 faciem
1114 4202 1229 4277 Christi,
1252 4204 1398 4278 inspector
1413 4217 1475 4263 cor·

300 4307 346 4368 dis
357 4312 389 4366 et
399 4313 542 4369 scrutator
553 4324 664 4383 renum,
677 4307 811 4369 domine?
827 4308 881 4381 Tu,
893 4309 1020 4383 inquam,
1036 4308 1121 4382 nosti,
1137 4325 1200 4381 quae
1216 4309 1254 4367 sit
1271 4305 1388 4367 afflictio
1402 4321 1477 4365 maa.

298 4413 416 4473 Exaudi
430 4430 476 4485 me
490 4430 545 4488 per
559 4431 633 4488 eum,
657 4414 706 4491 qrrr'
721 4414 804 4474 nobis
820 4414 891 4473 nibil
906 4432 965 4475 non
981 4430 1083 4489 passus
1104 4418 1156 4487 est,
1181 4413 1327 4479 dominum
1348 4417 1478 4473 nostrum

299 4521 402 4579 desum
417 4518 562 4579 Christum
581 4518 670 4579 filium
690 4523 779 4595 tuum,
804 4521 853 4594 qni
871 4526 965 4581 tecum
985 4520 1055 4581 vivit
1076 4523 1105 4579 et
1123 4523 1226 4592 regnat
1246 4518 1277 4577 in
1291 4519 1403 4579 unitate
1418 4518 1476 4595 spi·

300 4626 375 4685 ritus
389 4642 413 4685 s.
429 4625 460 4686 in
475 4625 573 4686 secula
587 4625 676 4685 Deus.
783 4684 787 4691 ,

391 4712 448 4805 Da,
463 4730 585 4806 domine,
605 4750 643 4792 ne
657 4731 795 4792 aduersus
809 4737 839 4792 te
853 4749 921 4793 caro
937 4731 1056 4807 gloriari
1070 4729 1170 4805 possit,
1191 4745 1237 4789 me
1252 4730 1347 4805 potius
1361 4730 1392 4791 in
1407 4731 1474 4793 bra·

301 4836 367 4898 chio
381 4837 437 4899 uiri
451 4854 538 4913 quam
551 4839 582 4899 in
600 4843 652 4900 tua
669 4838 798 4900 bonitate
816 4856 957 4915 sperasse.
990 4837 1055 4899 Scio
1070 4834 1199 4913 quidem,
1223 4841 1307 4914 pater
1326 4837 1375 4914 mi,
1399 4836 1477 4913 quod
