3700 5692
843 703 908 777 uti

291 897 379 972 regiis
394 896 488 955 missis
503 891 660 955 interfuere
674 891 749 954 iorte
762 898 795 953 ut
806 899 979 968 postremum
997 894 1144 956 seruitutis
1159 894 1311 970 missptieus
1324 890 1463 953 honorem

290 1001 447 1077 mucrene,
467 1017 532 1061 cum
550 997 628 1061 fama
648 1005 725 1061 essct
746 1014 854 1075 paucos
867 1003 935 1075 post
950 999 1011 1060 dies
1033 1005 1063 1059 et
1077 1016 1174 1076 regem
1190 1005 1220 1062 et
1234 1002 1305 1063 elim
1319 999 1386 1059 hinc
1401 998 1462 1061 ubi·

290 1113 380 1167 turos.
404 1107 515 1167 Eedem
530 1104 667 1177 Glosems
682 1108 744 1181 ipse
757 1104 982 1165 transactionem
996 1107 1119 1180 repetiit.

379 1212 490 1274 Eadem
499 1213 581 1273 Heus
594 1212 842 1287 uonltuthlingen,
859 1212 909 1285 qui
924 1211 975 1271 diu
989 1212 1152 1272 carceribus
1167 1211 1300 1272 detentus
1316 1217 1369 1285 est,
1386 1208 1463 1285 quud

291 1320 419 1379 ilenrico
439 1318 618 1378 Francorum
638 1319 701 1393 regi
715 1317 874 1394 peditatum
889 1317 1063 1378 Germanum
1085 1319 1244 1379 conducere
1264 1318 1396 1392 voluerit,
1420 1318 1463 1377 in·

291 1424 454 1499 cusubutur,
470 1424 563 1498 ruptis
578 1421 694 1485 vinculis
710 1440 767 1485 ιιοιι
782 1424 1009 1498 amqueuheseo
1025 1425 1124 1487 evasit.
1149 1425 1241 1499 Quam
1255 1425 1293 1486 ob
1307 1413 1374 1485 rem'
1384 1424 1463 1484 urbis

292 1534 384 1604 portae
398 1529 439 1589 ad
452 1528 601 1589 meridiem
616 1527 677 1589 iere
690 1531 812 1589 occlusae
828 1536 919 1591 eraut.
987 1530 988 1533 ’
1337 1544 1341 1552 ·

381 1636 451 1710 xviij
467 1636 556 1696 iunii.
585 1637 622 1695 D.
638 1636 768 1697 Joeuues
782 1637 930 1696 -chricus
945 1649 1028 1696 mene
1052 1635 1129 1696 inire
1143 1644 1276 1712 quartem
1291 1644 1320 1697 et
1335 1638 1463 1711 quintam

293 1741 379 1802 horus
395 1758 431 1801 ux
445 1742 567 1817 epistola
581 1741 705 1817 apostoli
719 1736 839 1803 Joeunis
859 1761 921 1817 cap.
940 1748 959 1804 2
973 1745 1035 1803 haec
1050 1744 1138 1805 verba
1152 1744 1240 1819 legit:
1268 1743 1462 1818 »Clarissimi

294 1862 353 1906 non
366 1850 542 1921 praeceptum
556 1864 661 1907 novum
676 1848 769 1908 scribo
793 1849 886 1923 vobis,
907 1850 960 1910 sed
975 1854 1149 1923 pracceptum
1167 1854 1250 1911 vetus
1273 1850 1350 1923 quod
1364 1850 1463 1909 hebui·

293 1955 345 2013 stis
359 1954 396 2013 ab
410 1954 503 2012 initio.
523 1954 704 2026 Praeoeptum
715 1959 798 2013 vetus
813 1959 858 2013 est
871 1970 974 2029 sermo,
987 1970 1071 2028 quem
1086 1956 1207 2015 audistis
1223 1953 1260 2015 ab
1274 1956 1365 2015 initio.
1386 1956 1462 2014 Rur-

293 2075 342 2118 sus
355 2064 532 2135 preceptum
544 2076 647 2121 uorum
663 2060 756 2120 scribo
769 2060 858 2135 vobis,
874 2060 953 2135 quod
966 2076 1065 2119 verum
1081 2064 1125 2120 est
1140 2062 1169 2119 in
1184 2062 1256 2136 ipso,
1273 2060 1349 2120 idem
1364 2074 1463 2120 verum

294 2170 376 2225 estet
391 2165 422 2224 in
436 2166 529 2225 vobis:
546 2167 613 2239 quic
626 2166 754 2227 tenebrae
771 2172 949 2240 praetereuut
964 2172 993 2226 et
1007 2181 1105 2226 verum
1120 2166 1215 2226 lumen
1226 2167 1287 2240 jem
1300 2166 1385 2224 lucet.
1408 2164 1463 2237 Qui
1503 2162 1505 2167 '

294 2270 363 2333 dicit
376 2288 408 2331 se
422 2269 454 2328 iu
468 2270 532 2329 luce
547 2286 610 2331 esse
626 2277 655 2331 et
668 2269 788 2331 fratrem
808 2288 891 2330 suum
909 2272 981 2343 odit,
994 2272 1025 2330 iu
1039 2272 1165 2331 tenebris
1184 2276 1228 2331 est
1242 2286 1334 2345 usque
1348 2268 1460 2331 adhuc«

295 2382 347 2439 etc.
377 2376 477 2436 Primo
490 2376 589 2449 itaque
604 2377 645 2437 uit
660 2376 688 2437 d.
704 2378 846 2438 Joanuem
861 2376 1048 2436 mediatorem
1072 2392 1158 2436 unum
1183 2392 1246 2436 esse
1267 2381 1297 2435 et
1310 2382 1463 2451 patronum

294 2487 422 2545 nostrum
437 2481 536 2541 desum
546 2464 691 2541 Christum
706 2482 874 2556 ostendisse,
891 2488 920 2541 et
935 2482 1012 2555 quod
1026 2498 1084 2541 nou
1098 2483 1156 2542 siut
1171 2484 1226 2541 nisi
1240 2484 1303 2543 duae
1318 2484 1381 2557 vice,
1405 2498 1464 2542 unc

296 2588 333 2648 ad
348 2585 493 2647 Christum
508 2592 537 2647 et
551 2587 639 2648 vitem
654 2593 803 2663 aternam,
819 2589 911 2649 altera
927 2588 963 2648 ad
978 2590 1071 2663 ignem
1087 2594 1235 2649 aeteruum.
1258 2590 1371 2650 Deinde
1387 2587 1463 2663 quod

295 2694 427 2753 loannes
438 2692 581 2753 Christum
603 2694 730 2754 imitatus
752 2697 847 2755 omnic
865 2698 1012 2768 precepta
1027 2694 1081 2754 Dei
1101 2696 1232 2755 inunum
1248 2694 1463 2770 quesituscicu·

293 2802 352 2859 lum
366 2800 524 2875 collegerit,
546 2799 711 2859 fasciculum
727 2801 836 2861 scilicet
849 2801 1007 2861 charitatis.
1033 2801 1138 2861 ,Movit
1158 2806 1253 2861 eutem
1268 2802 1314 2861 hic
1329 2800 1461 2875 questio·
1549 2796 1552 2803 ’

295 2897 367 2980 uem,
385 2886 530 2985 quomodo>
543 2905 570 2965 d.
587 2905 714 2966 loannes
733 2906 781 2965 hic
795 2907 887 2966 dicat:
911 2906 978 2967 Nou
1003 2924 1104 2967 novum
1130 2886 1357 2981 praeceptumde
1372 2906 1461 2986 vobis,
1504 2956 1507 2965 .

295 3028 357 3071 cum
371 3016 470 3071 tumen
484 3026 550 3070 mox
565 3010 678 3085 subdat,
694 3015 868 3085 preceptum
885 2990 991 3072 uorum
1005 3012 1100 3073 scribo
1115 3014 1210 3073 vobis,¹
1241 3002 1396 3073 Charitetis
1411 3027 1461 3072 uu-

293 3122 351 3177 tem
364 3119 542 3192 praeceptum
565 3113 622 3177 riou
638 3133 742 3177 novum
757 3132 821 3175 esse
835 3117 945 3191 arguit,
968 3118 1046 3191 quod
1062 3120 1148 3177 etiem
1164 3119 1271 3178 Moises
1286 3112 1406 3178 tratrem
1422 3118 1464 3177 di·

293 3222 383 3298 ligere
393 3223 522 3297 jusserit.
560 3224 632 3282 Item
648 3240 683 3283 ex
698 3236 749 3296 eu,
773 3221 851 3295 quod
871 3221 949 3281 idem
968 3221 1076 3283 Moises
1096 3222 1197 3281 hovem
1219 3223 1304 3281 vicini
1319 3228 1463 3283 errantem

263 3354 266 3360 ·
293 3330 432 3389 reducere
446 3329 604 3403 praecipiut.
643 3330 717 3402 item
732 3316 808 3401 quod
822 3327 964 3402 propheta
980 3314 1069 3400 dicet,
1085 3342 1199 3385 caruem
1215 3331 1293 3385 tuum
1310 3344 1345 3387 ne
1361 3328 1462 3401 despe-
1510 3355 1530 3371 -·

293 3435 380 3493 reris.
404 3435 477 3494 Item
491 3433 539 3493 ubi
554 3435 733 3508 praeceperit,
749 3438 781 3491 ut
796 3432 954 3507 peregrinis
970 3432 1042 3492 boue
1057 3430 1204 3515 iaciemus.
1239 3432 1351 3493 Novum
1367 3437 1463 3493 eutem

292 3538 362 3599 dicit
377 3538 539 3614 dupliciter.
593 3540 689 3599 Primo
705 3556 739 3599 eo
753 3539 849 3611 modo,
873 3543 907 3596 ut
920 3554 995 3597 nuuc
1010 3540 1196 3613 posteaquem
1212 3539 1388 3613 evangelium
1404 3538 1461 3597 cle·

292 3646 354 3705 rius
368 3644 522 3720 praedicari
536 3646 633 3721 coepit,
650 3644 756 3704 dictum
772 3649 816 3703 eut
830 3655 934 3703 novam
948 3643 1107 3703 doctrinam
1122 3659 1271 3718 exurgere,
1288 3660 1351 3703 cum
1366 3650 1462 3704 tamen

292 3750 355 3809 haec
375 3748 507 3809 doctrina
528 3750 722 3810 vetustissime
743 3750 781 3807 sit
800 3747 956 3822 eademque
978 3746 1072 3809 iuerat
1095 3750 1132 3809 ab
1152 3750 1250 3823 initio,
1273 3750 1322 3810 sed
1344 3748 1410 3824 quic
1424 3748 1464 3810 cd

291 3861 407 3930 tempus
427 3853 544 3929 aliquod
563 3855 729 3915 intermisse
749 3858 806 3929 est,
835 3860 864 3913 et
883 3852 968 3913 modo
989 3855 1118 3914 homines
1141 3854 1179 3914 ab
1199 3856 1248 3930 iis,
1273 3872 1337 3929 quae
1352 3858 1464 3916 interce

291 3959 433 4036 temporis
447 3966 650 4034 excreverunt,
675 3965 708 4019 ιιι
725 3965 792 4022 sunt
814 3959 1004 4020 adorationes
1019 3942 1194 4036 sanctorum,
1220 3962 1464 4039 peregrinationes

291 4064 331 4125 ad
345 4067 410 4125 loce
424 4070 524 4125 senem
537 4071 601 4139 ete,
617 4070 790 4126 revocentur
804 4064 843 4125 ud
857 4063 978 4124 salutem
998 4066 1155 4143 evangelii,
1176 4066 1307 4129 doctrine
1327 4084 1402 4127 uovc
1416 4082 1463 4127 vo·

291 4176 386 4245 cetur,
402 4172 477 4231 sicut
491 4176 521 4231 et
534 4170 618 4231 Pculi
633 4170 763 4231 doctriua
777 4186 853 4230 nors
865 4174 968 4231 vocata
984 4176 1036 4247 est,
1053 4171 1151 4233 Actor
1171 4176 1208 4231 17
1213 4218 1219 4232 .
1250 4172 1330 4232 Alias
1344 4170 1462 4233 muudu-

291 4286 355 4337 tum
370 4294 476 4337 novum
490 4276 567 4351 dicit,
583 4276 660 4351 quod
674 4276 804 4336 Christus
818 4276 874 4335 hoc
887 4283 1063 4352 praeceptum
1080 4279 1224 4352 discipulis
1241 4278 1333 4352 dedit,
1350 4276 1462 4337 dicens:
1495 4280 1499 4303 ”

290 4382 339 4441 Ι)ο
353 4380 436 4443 vobis
451 4382 617 4441 mandatum
632 4396 750 4458 uorum,
771 4387 803 4442 ut
825 4380 953 4456 diligatis
968 4399 1027 4442 vos
1037 4384 1157 4444 invicem
1173 4386 1226 4444 eto.
1265 4384 1305 4444 Ει
1318 4384 1379 4456 ipsc
1394 4398 1463 4456 quo·

291 4504 351 4562 que
367 4485 498 4547 Christus
513 4488 622 4563 primus
636 4487 699 4563 fuit,
723 4486 773 4563 qui
788 4503 876 4562 opere
891 4487 1028 4563 implevit,
1051 4504 1114 4549 cum
1129 4504 1212 4549 nemu
1226 4487 1360 4549 hebuerit
1373 4490 1462 4561 mejo-

288 4610 355 4653 rem
371 4593 555 4668 charitatem,
580 4610 665 4667 quem
681 4593 733 4666 qui·
750 4592 801 4653 dat
814 4594 938 4653 unimam
952 4610 1005 4668 pro
1021 4594 1127 4653 amicis,
1166 4592 1249 4665 Quod
1263 4593 1462 4653 autem-dicit:

289 4698 437 4759 Tenebrae
462 4700 666 4774 praeterierunt
689 4705 718 4759 ct
739 4715 843 4759 novum
865 4700 963 4760 lmuen
980 4700 1041 4773 jem
1061 4699 1153 4773 lueet,
1170 4698 1297 4775 denotat,
1313 4697 1391 4772 quod
1403 4698 1462 4771 jem

288 4808 393 4879 pateat
405 4820 460 4880 per
472 4804 565 4867 solum
580 4803 725 4868 Christum
739 4804 835 4868 aditus
853 4804 891 4868 ad
912 4804 1000 4869 uitem
1023 4808 1174 4879 eternam,
1199 4808 1229 4866 et
1241 4802 1403 4867 iaciendum
1418 4809 1461 4867 est
1583 4812 1584 4816 ’
1649 4816 1651 4825 ’
