3700 5692
770 729 921 785 samua.

360 888 451 937 sacra
472 876 552 951 toga
574 875 607 935 et
630 867 766 951 duplicis
789 886 970 951 consponsa
993 869 1158 952 opulentia
1178 874 1298 955 templi,

360 985 415 1043 out
438 976 537 1041 vidua
558 974 687 1040 iaceant
708 973 834 1057 sponda
855 972 1045 1057 nubantque
1068 975 1215 1059 Sibyllae,

360 1082 408 1161 cui
431 1099 560 1163 semper
581 1080 709 1146 madido
733 1078 895 1161 dependet
917 1078 1010 1143 stiria
1034 1098 1122 1161 naso,

360 1188 408 1254 cui
431 1194 560 1255 secreta
582 1192 697 1273 tegunt
720 1183 872 1265 fugitivos
895 1184 1013 1250 scrinia
1036 1185 1161 1268 dentes,

305 1310 346 1361 145
355 1302 518 1375 perpetua
540 1299 574 1358 et
596 1292 695 1357 tussis
716 1292 878 1371 gingivam
901 1291 1004 1357 nudat
1024 1291 1187 1357 inermem.

357 1398 441 1464 Tum
463 1399 554 1463 rixae
577 1404 610 1463 et
633 1397 718 1462 tristi
741 1402 879 1476 surgunt
901 1395 951 1461 his
973 1396 1080 1477 iurgia
1103 1392 1194 1476 leito,

357 1503 384 1568 si
407 1504 506 1569 lateri
528 1507 676 1584 parcant,
700 1520 759 1567 nec
781 1506 938 1583 quantum
960 1500 1065 1582 prurit
1087 1501 1241 1569 anhelent

356 1609 389 1673 in
412 1616 492 1675 cute
513 1627 633 1689 rugosa
656 1614 688 1673 et
712 1607 851 1673 lascivae
873 1605 967 1686 pellis
990 1606 1089 1672 hiatu.

401 1715 497 1781 Haec
519 1713 651 1779 fortuna
672 1719 783 1778 manet
806 1712 884 1777 viles
906 1712 977 1775 sine
999 1718 1168 1779 stemmate
1191 1713 1324 1795 lumbos,

303 1837 347 1888 150
357 1838 441 1903 quos
465 1819 569 1901 operit
593 1825 686 1884 cento
710 1825 743 1884 et
765 1818 894 1883 tunicae
915 1818 1076 1883 velamina
1099 1818 1220 1899 nigrae,

357 1943 442 2008 quos
465 1922 516 1990 lac
537 1931 718 1990 maternum
740 1924 864 1989 suxisse
887 1924 1024 2006 penuria
1047 1924 1164 2004 adegit.

358 2034 402 2096 ht
430 2048 514 2113 quos
535 2036 707 2095 nascentes
731 2031 873 2095 contexit
894 2048 1049 2111 purpura,
1073 2048 1216 2114 quosque

358 2135 488 2201 Thaide
511 2136 651 2201 nutritos
674 2136 802 2204 adustis
825 2136 911 2201 mille
936 2136 1055 2201 colonis

360 2248 393 2307 et
417 2241 556 2306 totidem
576 2242 685 2307 vernis
709 2242 797 2307 dives
817 2242 942 2307 Lucina
964 2241 1111 2343 horruit,N

303 2363 347 2416 nee
358 2345 391 2411 hi
414 2348 529 2427 primis
552 2348 697 2428 Eponam
720 2346 848 2413 discunt
869 2348 977 2413 iurare
1000 2348 1059 2414 sub
1084 2348 1187 2427 annis,
1388 2422 1392 2433 ยน

360 2469 604 2534 praesepesque
626 2455 731 2519 animo
754 2473 791 2519 ac
812 2454 963 2535 pinguem
986 2454 1183 2520 meditantur
1206 2471 1341 2521 avenam

362 2553 627 2639 fulmineumque,
651 2556 748 2625 decus
771 2556 866 2623 lateri
888 2558 942 2640 qui
965 2558 1119 2639 pendeat,
1143 2576 1253 2625 ensem

363 2667 396 2726 et
419 2659 523 2726 telum
546 2669 672 2727 assatos
694 2664 866 2727 missurum
890 2664 931 2727 ad
954 2664 1092 2745 prandia
1115 2664 1235 2729 turdos.

363 2766 456 2845 Inde,
479 2766 657 2831 iuventutis
679 2767 801 2848 primae
825 2770 1045 2834 cumvenerit
1068 2775 1167 2848 aetas,

309 2887 402 2941 reone
424 2878 557 2953 praeter
580 2871 678 2937 libros
701 2871 841 2937 validum
863 2870 949 2938 ferre
972 2874 1078 2939 omnio
1100 2874 1207 2952 robur,

365 2984 519 3059 exoptata
543 2978 598 3043 diu
620 2953 766 3062 votisque
787 2978 892 3061 petito
915 2980 1077 3057 secundia,

370 3084 638 3166 quadrupedante
658 3091 759 3150 ruunt
783 3084 905 3151 alacres
929 3086 971 3151 ad
993 3086 1111 3168 aquilia
1134 3102 1245 3151 cursu:

375 3194 435 3255 tnm
459 3190 588 3256 demum
610 3206 728 3267 genere
752 3188 812 3259 huc
833 3196 866 3255 et
889 3196 981 3255 tanto
1005 3191 1162 3271 sanguine
1186 3188 1285 3271 digni,

371 3296 453 3377 quod
477 3295 564 3361 cives
586 3301 740 3361 metuant.
788 3295 860 3361 Stat
882 3295 983 3378 flagro
1007 3297 1144 3376 insignis
1168 3303 1200 3363 et
1223 3314 1304 3362 unoo

314 3414 358 3466 roe
370 3398 622 3483 cornipedesque
644 3418 719 3465 suos
743 3401 907 3468 Musarum
930 3404 1062 3483 ignarus
1086 3400 1195 3484 equiso

369 3504 527 3570 insultare
549 3505 617 3571 solo
642 3511 675 3571 et
697 3524 827 3587 gressus
851 3506 1030 3587 glomerare
1053 3507 1212 3587 superbus

372 3610 494 3688 edocet,
518 3618 632 3689 arguto
655 3611 808 3692 praeiens
831 3617 1042 3697 poppysmata
1065 3612 1175 3675 saltus.

369 3714 504 3795 Pegasei
528 3714 636 3782 fontes
660 3715 830 3799 Gloriaque
854 3716 980 3783 evelle
1004 3714 1142 3799 corymbi

371 3824 402 3885 et
424 3820 519 3884 Pindi
542 3818 637 3887 flores
661 3829 693 3887 et
715 3829 825 3890 vatum
847 3821 987 3902 insignia
1009 3822 1120 3887 laurus

310 3923 440 3991 170huic
462 3922 580 3991 iuncos
604 3927 759 4007 redolent,
784 3928 834 3993 uel
857 3931 936 4010 quot
958 3926 1116 3992 Maronea
1139 3925 1279 4008 pepedit.

372 4028 434 4095 Sed
457 4030 526 4096 lotii
550 4037 677 4097 torrens
702 4039 896 4115 exorataque
919 4033 1058 4113 prandia
1081 4032 1205 4115 pulchri

371 4134 546 4217 Bucephali
569 4137 730 4219 myrrham
753 4144 944 4220 stactenque
969 4144 1002 4202 et
1025 4139 1173 4203 cinnama
1197 4134 1352 4215 fragrant,

373 4238 476 4305 dulcia
497 4238 606 4303 ieiuno
630 4239 845 4307 confortativa
868 4241 1010 4321 cerebro,

374 4342 447 4409 dum
470 4343 621 4424 strigilim
645 4353 769 4412 versat:
793 4346 869 4411 dum
891 4346 1043 4413 titillatus
1067 4344 1215 4411 adhinnit
1321 4379 1325 4388 ,

314 4458 362 4511 175
373 4444 555 4530 discipulus,
579 4447 721 4517 fundens
743 4452 868 4533 postica
891 4451 1039 4517 didactra
1060 4450 1224 4529 magistro.

415 4553 549 4617 Artibus
572 4553 623 4618 his
647 4558 771 4621 Aurora
793 4554 882 4622 favet
904 4562 1062 4638 gratoque
1084 4559 1228 4620 moratur

374 4653 502 4738 intuitu,
526 4658 630 4724 donee
653 4660 772 4726 decimo
797 4661 990 4742 campanula
1011 4658 1107 4743 pulsu

376 4770 527 4842 quassata
550 4765 592 4832 ad
614 4765 734 4847 piscem
756 4773 849 4833 vocet
870 4766 1027 4833 intestina
1049 4772 1220 4847 recentem,

1177 4870 1228 4935 6*
