3700 5692
860 778 925 847 tto
946 884 948 888 Ι

295 978 373 1037 penu
392 968 423 1023 et
437 964 529 1022 omnis
543 962 714 1038 linguaDeo
728 959 920 1023 confitebitur.
948 962 1102 1039 Videbunt,
1119 967 1252 1041 sentient,
1268 973 1298 1027 et
1312 967 1476 1043 centuplum

295 1069 383 1128 eisin
399 1068 494 1129 sinum
509 1084 608 1130 eorum
623 1069 813 1141 retribuetur,
840 1067 973 1144 Domine,
989 1069 1106 1143 ignosce
1121 1075 1151 1131 et
1165 1071 1246 1132 nobis
1263 1076 1292 1131 at
1306 1073 1374 1133 illis.

386 1173 459 1233 Cum
474 1174 562 1235 dudm
576 1176 656 1249 optio
672 1175 765 1250 detur,
782 1191 841 1235 non
856 1173 933 1248 quod
949 1182 1054 1250 optem,
1071 1178 1141 1237 Jesu
1157 1176 1279 1254 Christe,
1296 1180 1407 1255 ignoro,
1424 1180 1475 1240 sed

294 1282 347 1355 qui
362 1286 460 1354 optem
474 1282 591 1356 haesito,
616 1283 763 1341 nonenim
779 1281 857 1356 quod
872 1283 981 1356 petitur
995 1280 1149 1357 profertur.
1189 1284 1276 1344 Faxit
1295 1301 1364 1347 vero
1386 1284 1475 1346 domi·

294 1403 349 1445 nus
365 1386 515 1447 nobiscum
531 1392 561 1447 et
575 1388 696 1448 nominis
711 1388 754 1447 sui
770 1389 945 1449 sacrosancti
966 1389 1087 1463 gloriam
1107 1390 1199 1465 plebis
1219 1407 1289 1450 meaa
1309 1390 1379 1452 fidei
1398 1409 1473 1453 com-

293 1493 389 1551 missae
404 1490 564 1566 proiectum
579 1499 609 1553 et
623 1493 768 1553 uxorcula
782 1511 816 1554 ac
831 1500 939 1553 uostrae
957 1490 968 1529 ¹
983 1495 1113 1555 salutem
1152 1496 1223 1555 Haeo
1238 1501 1334 1556 autem
1351 1500 1392 1555 74
1413 1496 1474 1557 dies

294 1602 352 1672 est,
375 1614 464 1672 quam
484 1581 622 1675 Augusta
644 1599 788 1674 trivimus,
813 1598 913 1660 addito
934 1606 1030 1661 nmen
1050 1607 1179 1676 tempore
1200 1601 1277 1676 quod
1296 1620 1315 1663 a
1334 1602 1474 1663 Waldeck

294 1720 388 1778 usque
403 1704 443 1764 ad
456 1703 617 1779 Augustam
631 1706 662 1765 in
676 1701 780 1765 itinere
795 1692 982 1780 peregimus.'
1143 1684 1145 1691 ’
1198 1695 1201 1699 ’
1313 1705 1317 1713 ’

381 1805 441 1885 xvij
458 1810 545 1871 Junii.
577 1811 611 1869 In
626 1811 688 1870 ade
703 1809 841 1872 Mauritio
856 1828 940 1872 sacra
954 1814 978 1871 is
999 1813 1049 1887 qui
1073 1814 1102 1873 in
1123 1814 1177 1873 hoo
1197 1812 1302 1875 ibidem
1323 1815 1473 1877 ordinatus

291 1922 325 1977 at
338 1916 469 1989 posthaec
483 1916 656 1977 ecclesiastae
670 1933 774 1976 munus
789 1918 888 1993 obeat,
912 1924 1000 1993 caput
1018 1921 1056 1976 19
1073 1918 1205 1979 Matthaei
1225 1920 1309 1993 legit,
1333 1935 1368 1979 ac
1387 1920 1472 1983 solito

292 2038 374 2081 more
395 2022 543 2083 ecclesiam
563 2022 601 2083 ad
621 2019 827 2083 confessionem
847 2031 876 2083 et
896 2024 1121 2085 obsecrationem
1135 2023 1267 2083 hortatus
1283 2031 1336 2085 est.
1359 2025 1473 2088 Deinde

292 2128 321 2187 d
331 2126 481 2189 Masculus
492 2144 527 2188 ox
542 2144 604 2203 cap.
619 2131 659 2187 15
668 2129 789 2189 Joanuis
805 2146 892 2204 super
906 2129 969 2189 boec
984 2127 1085 2189 verba:
1113 2129 1306 2189 «Mementote
1321 2133 1470 2207 sermonis,

293 2248 379 2307 quem
395 2248 449 2308 eqo
464 2233 523 2293 dixi
538 2234 628 2307 vobis,
644 2242 707 2294 non¹
717 2241 762 2296 est
776 2252 875 2296 servus
890 2236 983 2310 major
1003 2236 1118 2296 domino
1133 2250 1193 2294 suo.
1225 2234 1255 2293 Si
1269 2250 1314 2294 me
1329 2236 1472 2309 persecuti

292 2344 373 2414 sunt,
397 2344 428 2399 et
440 2356 492 2399 uos
506 2346 730 2414 persequentur,
753 2342 778 2399 si
792 2349 980 2403 servaverunt
995 2358 1154 2401 sennonem
1168 2357 1277 2415 meum,
1301 2347 1330 2401 et
1344 2345 1470 2401 aestuum

291 2445 458 2507 servabunt.
498 2446 557 2505 Sed
578 2444 642 2505 baee
660 2447 756 2507 omnia
775 2446 882 2507 facient
902 2446 984 2507 vobis
1006 2453 1126 2521 propter
1148 2461 1251 2506 nomen
1271 2462 1376 2520 meum,
1402 2449 1470 2521 quia

292 2555 502 2612 nouuorerunt
517 2568 582 2612 eum
597 2554 645 2626 qni
661 2553 739 2612 misit
752 2568 816 2613 me»
836 2551 1032 2627 [concionatus
1048 2546 1139 2627 ost].⁹
1154 2552 1209 2611 Hie
1224 2552 1315 2626 primo
1330 2554 1381 2628 ait,
1398 2570 1468 2629 quo-

291 2657 376 2718 modo
392 2656 523 2719 Christus
537 2674 604 2717 suos
618 2660 786 2733 premuniri
801 2658 892 2717 voluit
907 2659 985 2717 hisce
1000 2663 1030 2718 et
1044 2658 1183 2718 similibus
1204 2658 1381 2719 sermonibus
1402 2675 1469 2721 oon·

290 2773 338 2825 tra
359 2766 514 2828 instantem
536 2767 771 2837 persecutionem.
815 2762 1008 2839 Mementote,
1037 2766 1132 2839 inquit
1155 2762 1299 2839 Christus,
1329 2768 1468 2827 sermonis

290 2886 377 2945 quom
392 2887 446 2946 ego
462 2871 522 2930 dixi
537 2870 618 2931 vobis
639 2870 761 2945 (scilicet
780 2871 854 2946 ejus,
877 2887 960 2945 quem
984 2875 1050 2946 post
1071 2871 1207 2931 lotionem
1228 2871 1332 2946 pedum
1351 2872 1408 2931 illis
1427 2871 1470 2932 di·
1549 2930 1555 2937 ,

290 2975 387 3051 uerat)
403 2982 432 3037 et
445 2979 500 3038 boo
514 2979 577 3037 loco
591 2977 709 3051 repetiit
727 2976 902 3051 adismpulus
918 2992 977 3036 non
992 2982 1035 3036 est
1050 2992 1138 3051 supra
1158 2981 1357 3051 magistrum».
1388 2978 1470 3037 Fecit

290 3084 365 3143 euim
382 3083 513 3144 dominns
528 3082 602 3143 idem
618 3082 695 3157 apud
710 3081 881 3143 Matthaenm
897 3083 990 3158 eapite
1009 3085 1059 3141 10.
1094 3082 1241 3141 Delicatus
1257 3088 1353 3141 autem
1368 3100 1468 3143 servus

289 3192 329 3249 sit
342 3193 472 3264 oportet,
494 3189 543 3261 qui
558 3204 595 3247 ea
609 3186 728 3247 sufferre
744 3189 826 3260 nolit,
842 3204 906 3261 qnae
923 3188 1002 3247 videt
1016 3187 1129 3247 domino
1146 3188 1285 3248 accidere.
1318 3188 1374 3251 Sed
1388 3189 1469 3249 Mus·

289 3295 372 3354 culus
387 3293 461 3353 adeo
475 3293 522 3368 pie
536 3310 571 3352 ac
587 3293 671 3354 docte
687 3290 723 3353 ad
739 3294 930 3354 eruditionem
946 3296 1036 3351 nostri
1057 3293 1152 3352 omnia
1173 3294 1410 3369 accommodavit,
1436 3301 1469 3357 ut

289 3416 385 3459 meum
399 3399 511 3459 nonsit
526 3402 622 3460 omnia
637 3398 825 3474 perscribere.
857 3398 887 3457 Si
907 3414 952 3457 me
972 3400 1115 3470 persecuti
1137 3395 1245 3457 fuerint
1266 3404 1319 3457 ete.
1352 3399 1408 3459 llic
1426 3402 1469 3459 ait
1508 3440 1512 3449 ·

288 3490 518 3579 persecutionem
527 3506 639 3566 exodio
653 3503 800 3580 pmficisci
811 3520 864 3563 noc
878 3521 942 3563 esse
956 3510 1026 3577 re'm,
1043 3519 1106 3577 quaa
1122 3502 1237 3562 modum
1253 3520 1369 3565 servare
1385 3506 1466 3565 sciat.

287 3610 366 3670 Mam
380 3610 452 3684 quid
465 3626 523 3671 nou
537 3612 717 3671 contumelia
732 3613 762 3670 in
785 3610 929 3673 Christum
949 3606 1151 3669 contulerunt?
1189 3608 1336 3684 Numquid
1358 3626 1415 3671 non
1437 3611 1468 3671 iu

288 3715 385 3776 Deum
398 3715 644 3791 blasphemarunt,
661 3733 726 3778 eum
741 3715 868 3777 dicentes
884 3716 1088 3775 samaritanum
1104 3714 1273 3774 daernonium
1294 3714 1467 3777 habentem?

289 3829 343 3883 etc.
375 3821 419 3881 Ao
433 3820 556 3895 denique
571 3823 737 3896 turpissima
751 3822 843 3882 crucis
858 3825 951 3880 morte
966 3836 1030 3880 eum
1045 3822 1228 3895 interimunt,
1253 3829 1283 3882 et
1297 3822 1328 3881 id
1342 3838 1466 3897 quanam

289 3926 325 3987 de
341 3943 429 3987 causa
444 3929 499 3986 nisi
515 3926 603 3987 odio?
627 3927 683 3988 Sed
698 3927 800 4002 omns?
830 3928 973 3987 Nimirum
988 3927 1126 3987 veritatis.
1161 3926 1192 3987 Si
1212 3928 1299 4002 igitur
1320 3926 1465 3989 Christum

288 4033 435 4095 domiuum
450 4034 592 4106 persecuti
607 4039 685 4108 sont,
708 4050 775 4093 unm
790 4032 939 4107 discipulis
953 4033 1127 4107 parcerent?
1159 4032 1242 4107 Quod
1257 4038 1287 4093 et
1300 4031 1407 4093 factum
1422 4035 1463 4092 ri·

287 4139 389 4223 demus
403 4155 456 4199 nec
471 4154 572 4198 novum
588 4144 632 4198 est
646 4139 722 4198 idem
737 4140 792 4213 piis
806 4139 837 4198 in
851 4138 906 4196 hoo
919 4139 1027 4199 mundo
1042 4140 1180 4200 accidere.
1210 4139 1290 4199 Dicit
1304 4144 1400 4199 autem
1418 4146 1467 4199 «et

287 4260 339 4305 ros
354 4250 594 4319 persequentur»,
610 4260 668 4304 non
684 4244 753 4305 dicit
766 4250 832 4318 post
844 4245 936 4304 multa
949 4249 1088 4321 tempora,
1105 4245 1157 4305 sed
1172 4262 1224 4317 per
1231 4243 1465 4302 accelerationem

287 4354 500 4423 persequentur
514 4351 570 4424 ait,
593 4367 622 4424 q.
640 4350 682 4411 d.:
707 4351 773 4410 Jam
787 4362 862 4410 nunc
881 4348 1027 4425 incipient.
1058 4349 1098 4409 At
1117 4350 1194 4409 dices
1217 4346 1379 4421 praedicabo
1400 4347 1463 4419 qui-

287 4454 355 4515 dem
369 4454 549 4529 evangelium
562 4456 605 4515 ita
619 4462 652 4515 ut
666 4474 685 4517 a
699 4456 811 4515 nemine
825 4456 1028 4530 comprehendi
1049 4455 1139 4529 possit
1158 4457 1188 4511 et
1208 4452 1351 4526 inculpate
1371 4452 1464 4511 damn

287 4575 343 4621 nee
361 4560 422 4621 ulla
441 4563 497 4621 erit
516 4560 573 4619 illis
592 4562 705 4622 occasio
725 4576 770 4619 me
790 4560 992 4637 persequendi.
1031 4558 1105 4633 Quid
1125 4561 1221 4617 ιιιιιιιιιι
1243 4556 1349 4618 audio?
1387 4557 1464 4616 Num

288 4667 341 4728 illo
353 4667 459 4740 aliquis
474 4666 600 4727 sanctior
614 4668 682 4727 ritae
696 4668 860 4728 innocentia
879 4664 992 4728 cbristo
1014 4662 1126 4739 major?
1149 4668 1200 4723 aut
1220 4662 1341 4723 dicendo
1362 4662 1464 4738 lenior,

867 4800 883 4836 s

368 4864 434 4937 ιἰο
450 4884 544 4938 filiola
561 4886 673 4939 noenu?
745 4889 760 4937 t
781 4886 838 4939 Das
857 4883 1090 4953 aiuqelslammerte
1108 4881 1176 4935 iablt
1192 4882 1220 4935 iu
1239 4882 1285 4935 dar
1302 4880 1343 4937 ha.

1632 4664 1641 4862 l
