3700 5692
948 733 1012 799 los

395 923 462 983 dum
478 922 610 994 dicerem,
638 934 742 994 rogare
756 935 802 979 me
818 920 903 980 deum
918 924 978 995 opt.
994 936 1068 981 max.
1085 926 1118 980 ut
1132 920 1194 994 ipsa
1209 932 1325 996 quoquc
1340 932 1403 977 cum
1417 915 1522 980 laetitia
1537 925 1569 980 et

393 1029 540 1089 commodo
556 1026 673 1086 tandem
689 1041 783 1083 causae
799 1042 859 1085 suae
874 1042 1041 1100 prosperum
1057 1027 1165 1086 exitum
1179 1025 1305 1085 nanusci
1320 1024 1410 1101 possit
1425 1030 1498 1099 ato,
1517 1042 1566 1085 re·

325 1136 331 1151 '
392 1133 522 1210 spondit:
546 1133 653 1191 Secura
668 1136 713 1190 ost
727 1130 797 1191 mihi
811 1133 986 1192 conscientia
1001 1136 1031 1191 et
1044 1133 1128 1192 deum
1142 1136 1246 1192 testam
1260 1132 1376 1204 invoco,
1396 1130 1477 1203 quod
1488 1130 1564 1190 nihil

393 1245 536 1315 appetam,
553 1255 638 1311 quarn
654 1237 732 1312 quod
746 1236 815 1295 mihi
827 1238 893 1311 jure
908 1222 1005 1299 divino
1021 1245 1051 1299 et
1064 1238 1187 1298 humano
1204 1237 1303 1298 deberi
1318 1236 1419 1309 suam,
1440 1250 1497 1295 neo
1510 1236 1567 1295 hoc

393 1347 507 1421 quidem
521 1345 615 1419 ipsum
630 1346 707 1404 omni
723 1359 760 1403 ex
774 1348 858 1417 parte
873 1343 1017 1416 integrum
1031 1343 1113 1405 reddi
1129 1348 1206 1419 peto,
1222 1343 1307 1404 modo
1319 1341 1441 1416 equus
1455 1358 1568 1401 mecum

394 1459 536 1513 servetur.

481 1557 592 1632 Rogavi
606 1555 729 1615 eundem
744 1553 922 1614 comitom'ut
943 1572 988 1617 ma
1008 1556 1086 1631 apud
1106 1554 1353 1631 archiepiscopum
1374 1552 1566 1612 coloniensem

394 1670 560 1724 excusatum
574 1661 695 1721 haberet
709 1662 835 1735 ipsiquo,
853 1661 931 1735 quod
945 1679 999 1738 pro
1014 1677 1059 1722 me
1074 1661 1254 1723 intercedere
1270 1658 1405 1735 diguatus
1421 1660 1475 1733 sit,
1499 1674 1566 1733 gra·

393 1770 450 1829 tias
465 1774 574 1843 ageret.

484 1873 618 1948 Philippo
634 1888 746 1946 quoquo
761 1888 780 1931 a
794 1870 944 1949 Homherg
958 1874 1070 1949 injunxi
1085 1878 1118 1934 ut
1136 1888 1182 1933 me
1202 1872 1280 1946 apud
1299 1877 1452 1948 cognatum
1471 1872 1564 1931 arohi-

395 1981 559 2054 episcopum
574 1978 781 2037 Treverensem
797 1987 949 2039 excusaret
964 1996 997 2039 oo
1013 1978 1150 2040 nonnulla
1163 1978 1206 2038 illi
1220 1977 1352 2039 referret.

484 2083 654 2144 Wilhelmua
678 2100 814 2143 comesa
842 2084 1034 2159 Witpemtein
1061 2084 1143 2144 nobis
1164 2084 1304 2145 valedixit
1329 2089 1360 2144 et
1383 2084 1498 2144 nomine
1517 2100 1566 2144 co·

395 2192 472 2251 mitis
486 2190 606 2251 ioannis
621 2207 640 2249 a
654 2190 722 2249 Scin
737 2188 885 2251 nobiscum
899 2190 1010 2250 locutus
1026 2196 1070 2250 est
1084 2206 1140 2249 von
1154 2189 1252 2251 Hansz
1266 2189 1357 2249 Lohe.

486 2295 616 2355 Tandem
638 2295 679 2354 ad
699 2296 856 2371 hospitium
878 2302 1027 2356 revertens
1049 2296 1155 2370 hospiti
1178 2312 1231 2369 pro
1254 2295 1373 2371 siugulis
1396 2294 1567 2356 solutionem

396 2402 461 2463 fieri
473 2403 556 2478 jussi,
572 2416 641 2461 coco
656 2400 809 2475 diploidem
823 2402 945 2462 sericam
960 2402 1035 2462 dedi.
1066 2402 1166 2463 doetus
1181 2402 1279 2462 trahes
1295 2405 1325 2461 et
1338 2402 1420 2475 tigna
1433 2400 1498 2461 dari
1513 2401 1567 2461 sihi

396 2508 483 2583 cupit.

487 2611 565 2672 Seldi
579 2613 706 2673 doctoris
720 2614 805 2673 uxori
822 2612 951 2672 thaleros
970 2612 1131 2687 quindecim
1150 2613 1180 2673 in
1199 2613 1386 2673 honorarium
1406 2612 1481 2671 misi.
1512 2611 1565 2672 Ga-

397 2720 523 2779 tcnulsrn
537 2734 655 2778 auream
673 2733 728 2792 pro
745 2715 844 2778 decem
863 2724 893 2779 et
914 2723 1024 2793 septem
1044 2718 1163 2779 thaleris
1183 2724 1212 2779 et
1234 2719 1452 2793 quatuordocim
1475 2718 1567 2780 banis

396 2826 434 2885 ab
450 2824 574 2884 Otthone
589 2823 654 2882 auri
668 2821 751 2883 fabro
765 2824 798 2883 in
811 2826 928 2885 xenium
943 2826 1041 2886 uxoris
1056 2825 1120 2885 emi.

486 2930 608 2989 Lindius
624 2946 672 3004 ea,
690 2945 754 3003 quse
768 2931 812 2989 illi
827 2930 1038 2991 committebam
1054 2931 1133 3009 (uam
1148 2930 1256 2990 Florus
1271 2944 1386 3007 quoquc
1400 2943 1568 2989 secessurus

397 3034 472 3111 erat)
489 3037 598 3110 optima
612 3034 669 3094 fide
683 3052 715 3095 se
731 3040 915 3096 executurum
930 3036 1071 3109 promisit.

484 3141 610 3200 Pileolos
625 3140 800 3202 holosericos
817 3144 943 3217 quinque
957 3144 989 3201 in
1003 3158 1086 3203 usum
1107 3140 1205 3203 filiolae
1224 3146 1254 3201 et
1274 3139 1512 3216 pedissequarum
1532 3140 1569 3201 ab

395 3246 509 3321 hospite
524 3250 625 3307 ιιοιιιο
640 3249 705 3307 emi.
1296 3254 1299 3257 ’

486 3352 590 3413 Lindio
605 3353 709 3413 thaleri
726 3355 783 3414 duo
798 3353 859 3414 dati
875 3360 951 3414 sunt.

487 3459 616 3518 Tandem
631 3458 768 3520 Glaserus
782 3460 921 3535 magister
935 3461 1015 3519 venit
1028 3462 1111 3521 nohis
1125 3474 1294 3535 prosperum
1309 3460 1366 3520 iter
1380 3465 1518 3534 precatus
1537 3476 1570 3521 ac

397 3567 510 3625 litteras
525 3565 563 3625 ad
577 3566 736 3640 principem
751 3584 835 3625 suurn
850 3566 934 3627 uobis
950 3566 1079 3627 tradidit.
1264 3553 1267 3559 ’

486 3672 617 3747 Hospitis
632 3673 730 3745 uxori,
750 3671 849 3732 liberis
864 3676 895 3730 at
908 3669 1024 3731 familiae
1039 3675 1070 3732 iu
1085 3674 1252 3749 propinem,
1276 3678 1308 3733 ut
1322 3677 1440 3746 vocant,
1464 3673 1569 3733 thaleri

398 3785 463 3838 octo
485 3783 515 3836 ct
537 3778 614 3837 batzi
633 3795 685 3838 sex
705 3778 766 3838 dati
789 3783 863 3838 sunt.
899 3776 993 3838 Porro
1016 3778 1134 3839 Liborio
1154 3780 1326 3853 injunctum,
1349 3783 1383 3837 ut
1399 3778 1433 3836 in
1453 3779 1569 3839 tertiam

398 3900 489 3958 usque
504 3883 607 3943 abhinc
621 3884 697 3943 diem
711 3884 849 3959 Augustae
864 3888 1098 3943 commoraretur.

486 3990 565 4049 Nota
585 3990 664 4062 quod
684 4006 847 4064 quanquam
866 3989 1048 4049 Hermannus
1070 4008 1088 4050 a
1107 3990 1234 4050 Viermin
1255 3990 1333 4065 apud
1348 3995 1495 4051 nostrates
1510 3992 1568 4066 glo

397 4097 489 4155 rictus
504 4096 550 4168 sit,
567 4096 734 4170 relitteres,
751 4101 783 4154 ut
796 4096 838 4154 ita
852 4097 964 4171 loquar,
981 4098 1171 4171 protectorias
1187 4113 1205 4155 a
1220 4112 1327 4155 caesarc
1340 4097 1458 4169 habers,
1475 4104 1570 4159 tamam

397 4219 457 4262 non
471 4202 564 4261 minus
578 4202 626 4259 hic
640 4201 818 4262 consiliarios
833 4203 997 4276 imperiales
1011 4203 1048 4262 de
1062 4202 1222 4263 redditibus
1237 4218 1271 4261 ac
1281 4200 1467 4262 facultatibus
1482 4205 1570 4280 ipsius

397 4307 614 4384 diligentissime
635 4308 751 4381 inquiri.
781 4307 876 4382 Adde,
898 4309 1023 4383 vigilum
1044 4308 1162 4369 dixisse:
1186 4307 1290 4368 Videat
1308 4308 1496 4371 Hormannus
1515 4328 1570 4387 quo

400 4414 511 4473 Theseo
526 4415 579 4473 has
593 4415 704 4473 litteras
719 4418 821 4472 nactus
836 4414 882 4473 sit.
907 4416 980 4474 Item
996 4413 1179 4489 devulphila
1191 4414 1270 4473 intus
1286 4420 1315 4474 et
1329 4414 1360 4473 in‘
1376 4420 1441 4475 cute
1456 4418 1570 4477 nomina

399 4522 430 4577 ct
443 4535 484 4597 re
496 4520 573 4593 lupo.
605 4521 839 4594 Interrogavcrat
858 4537 973 4594 quoque
993 4520 1103 4595 Viglius
1125 4519 1344 4595 Knicphausen‚
1369 4521 1508 4594 quidnam
1526 4524 1571 4582 rei

400 4623 550 4684 comitibus
566 4640 583 4683 a
598 4625 740 4685 Waldeck
754 4642 818 4684 cum
833 4624 989 4686 baronibus
1005 4626 1041 4685 do
1056 4625 1180 4697 Beurcn,
1197 4626 1291 4699 quiin
1303 4628 1410 4700 campis
1424 4626 1571 4687 latissimis

402 4727 565 4789 Sendtfoldt
578 4730 609 4788 iu
623 4737 718 4790 castro
732 4731 847 4791 Beuren
862 4736 1121 4807 commorarentur,
1145 4736 1235 4806 esset,
1258 4732 1340 4806 quasi
1355 4733 1423 4807 quia
1442 4732 1523 4809 Argo
1541 4734 1572 4793 in

404 4834 585 4908 expiscandis
600 4835 722 4897 aliorum
736 4838 863 4913 negociis
878 4838 1020 4900 oculatior
1033 4837 1088 4898 hoc
1102 4837 1235 4897 nesciret.
1331 4870 1336 4875 -
