3700 5692
970 710 1016 778 ta

407 896 585 972 jentaculum
598 894 795 969 sumpsimoss
810 907 875 954 oum
901 891 997 952 missa
1015 906 1155 954 cesareae.
1169 891 1309 956 interesse
1326 893 1414 958 uellet
1434 900 1462 956 et
1481 895 1563 956 arciri-

409 1003 576 1078 episcopum
589 999 789 1062 coloniensem
802 996 925 1074 prandio
940 1004 1112 1070 excepturus
1128 1001 1212 1072 essct
1235 1013 1300 1058 oum
1314 1015 1372 1074 quo
1385 1002 1416 1060 et
1430 999 1564 1062 dorostro

409 1122 496 1168 causa
510 1112 627 1166 acturus
642 1110 715 1166 erat.

495 1211 524 1271 A
537 1209 660 1284 prandio
683 1207 789 1284 iratres
811 1213 842 1268 et
864 1223 918 1282 ago
938 1223 997 1268 una
1022 1206 1103 1268 urbis
1121 1207 1228 1268 moenia
1247 1208 1485 1286 obequitavimua
1507 1227 1565 1272 narn

410 1315 527 1378 Samuel
541 1314 620 1389 apud
635 1315 768 1376 comitem
781 1311 966 1395 wilhelmum
981 1327 1104 1386 prensus
1118 1317 1170 1374 eet

494 1420 607 1482 Eadem
620 1419 758 1480 tumultus
772 1417 905 1477 militaris
918 1417 958 1478 ad
972 1415 1097 1478 macella
1108 1423 1225 1478 exortus
1240 1423 1294 1480 est.
1332 1418 1409 1482 Nam
1422 1418 1486 1480 dum
1499 1419 1566 1482 Iberi

408 1525 559 1588 &manis
567 1521 833 1598 carmespraeripere
841 1525 964 1595 tentam,
973 1521 1101 1583 laniones
1109 1521 1260 1584 Germanis
1268 1523 1375 1586 auxilio
1383 1521 1463 1586 liunt.
1477 1525 1566 1586 Utrin-

406 1647 464 1706 que
483 1635 515 1691 et
533 1633 653 1702 accepta
671 1633 703 1688 ct
722 1628 792 1688 data
812 1630 880 1687 sunt
893 1626 1028 1702 vulnera,
1045 1625 1181 1688 Germani
1200 1633 1297 1688 tamen
1315 1625 1386 1688 lacti
1407 1630 1565 1704 superiores.

406 1736 485 1797 Iberi
498 1735 610 1808 aliquot
625 1733 664 1793 ad
672 1736 793 1793 mortem
801 1746 891 1804 usqua
900 1730 1021 1790 munisti
1034 1745 1097 1792 esse
1112 1731 1256 1793 dicuutur.

493 1837 606 1900 Eadem
620 1851 673 1912 per
686 1836 837 1896 Nicolaum
855 1834 968 1896 Gallum
983 1834 1205 1898 Monosteriensi
1224 1835 1378 1912 apedibus
1400 1837 1439 1900 ad
1459 1837 1567 1900 eundem

405 1945 560 2020 presulem
573 1941 800 2018 perscripsimus.

493 2049 617 2110 Volebat
639 2052 671 2108 et
689 2047 825 2106 Hoiensis
846 2045 1018 2105 secretarius
1041 2043 1142 2106 eadem
1156 2044 1288 2120 Augusta
1302 2045 1460 2122 discedere,
1476 2045 1524 2108 sed
1536 2045 1568 2108 ob

407 2154 602 2215 morositatem
618 2151 821 2212 examinatoris
835 2149 952 2209 testium
966 2155 1128 2210 remoratus
1142 2157 1196 2210 est.
1387 2159 1391 2166 '

494 2257 542 2318 Ad
561 2257 692 2331 quintam
711 2256 743 2314 in
765 2254 890 2328 hospitio
914 2255 1027 2315 comitis
1047 2253 1192 2316 Wilhelmi
1214 2253 1367 2332 adfuimus,
1389 2256 1440 2324 ubi
1458 2256 1523 2318 dum
1543 2256 1569 2315 in

405 2363 491 2424 horto
512 2377 611 2422 mensa
631 2361 770 2420 sternitur
789 2363 898 2434 preter
917 2359 1145 2434 expectationem
1165 2361 1276 2421 comitis
1298 2376 1406 2422 venere
1427 2377 1517 2424 comcs
1535 2361 1569 2420 ab

403 2468 561 2530 Ebersteiu
574 2464 667 2526 irater
688 2463 791 2525 Luscae
806 2468 837 2525 ct
854 2460 930 2523 iilius
946 2463 1008 2537 ejus
1027 2479 1122 2524 comes
1137 2480 1156 2524 a
1169 2464 1328 2526 Wertheim
1348 2467 1449 2528 unicus
1462 2465 1533 2528 iilius
1545 2469 1571 2525 et

318 2582 322 2589 ’
406 2572 563 2635 auunculus
587 2574 696 2632 noster.
735 2569 807 2628 Item
823 2568 923 2641 junior
947 2566 983 2628 de
998 2567 1188 2644 Papenheim‚
1209 2569 1379 2630 Franciscus
1397 2570 1568 2632 Corradusa

409 2675 578 2751 Sickingon,
601 2672 743 2748 Georgius
758 2671 850 2748 Spedt
863 2678 893 2732 et
906 2673 982 2733 alter
997 2672 1098 2748 spect,
1119 2674 1189 2734 item
1209 2674 1340 2736 domiuus
1360 2676 1398 2738 de
1417 2677 1567 2751 zeringen,

405 2779 541 2840 Austrius
555 2783 586 2840 et
598 2779 708 2840 aulicus
723 2779 913 2852 imperatoris,
931 2775 1051 2837 Carolus
1066 2793 1085 2836 a
1100 2777 1251 2854 Stockem,
1272 2779 1427 2854 preelectus
1442 2781 1472 2842 in
1486 2779 1566 2841 Weil·

405 2885 490 2959 burg,
506 2888 536 2942 et
548 2883 631 2942 vitus
646 2882 819 2955 Velbruggc,
835 2886 967 2954 suuapas
981 2866 1013 2940 in
1027 2881 1168 2944 Vianden.

374 3050 378 3057 ,
493 2987 565 3046 Risu
579 2985 709 3062 dignum,
734 2983 812 3059 quod
831 2985 899 3045 dom
918 2983 1017 3046 Caesar
1034 3000 1088 3061 per
1102 2987 1235 3048 Rhenum
1254 2989 1369 3064 nauigio
1384 2994 1482 3050 rectus
1495 2987 1566 3048 Non-

404 3068 529 3152 madum
542 3092 719 3164 praeterlegit
733 3094 764 3149 et
778 3087 928 3150 Corradus
944 3091 1120 3162 ‚ancisoos
1139 3091 1327 3167 aSiclrinpen
1346 3093 1442 3167 ipsum
1456 3091 1568 3167 prandio

406 3197 539 3270 excipere
553 3196 648 3269 vellet,
664 3200 693 3253 et
707 3193 863 3252 matutinas
882 3193 970 3254 horas
988 3211 1051 3254 eum
1066 3196 1166 3256 aulicis
1185 3197 1305 3272 aliquot,
1320 3200 1375 3272 qui
1397 3203 1465 3261 ante
1480 3197 1565 3258 Gaeso·

404 3315 466 3360 rem
488 3315 523 3360 eo
540 3299 767 3374 admonuerant,
798 3297 949 3358 liberalius
973 3304 1102 3372 potasset
1121 3315 1156 3360 ac
1175 3302 1281 3362 subito.
1294 3301 1419 3364 Caesaris
1434 3304 1565 3366 adrentus

404 3404 447 3466 illi
460 3405 654 3478 nundmetur,
669 3418 722 3462 uec
736 3417 795 3461 nou
809 3400 951 3492 Coesarem
966 3409 1046 3464 recto
1051 3405 1243 3466 Naustadium
1256 3409 1566 3489 praeternavigaturun.

395 3509 468 3569 -Hoc
487 3512 592 3586 nuncio
607 3506 778 3570 Ghuoradus
792 3506 963 3568 Franciscus
978 3515 1095 3584 eccepto
1117 3507 1238 3572 festinus
1261 3512 1298 3573 ad
1316 3514 1433 3588 navigo
1455 3509 1567 3574 (laesorio
1644 3543 1645 3552 κ

403 3620 551 3690 properat,
572 3629 658 3687 quam
677 3612 834 3673 humillime
857 3617 955 3687 potest
969 3611 1131 3674 Caesaream
1145 3618 1325 3690 majestatem
1339 3633 1376 3678 ue
1390 3617 1470 3692 apud
1483 3617 1567 3691 ipsun
1644 3597 1645 3604 ἵ

403 3719 548 3794 prandere
562 3723 777 3793 aspernaretur,
794 3716 964 3792 deprecatus
979 3723 1031 3778 est.
1069 3719 1109 3779 At
1125 3719 1231 3796 Cesar,
1254 3723 1437 3796 gravioribus
1457 3735 1567 3794 occupa·
1644 3777 1645 3794 ,

403 3828 460 3898 tus,
474 3823 505 3884 id
519 3839 551 3882 se
564 3821 649 3882 modo
663 3821 759 3892 iacere
773 3837 859 3896 posse
873 3822 975 3884 abnuit
988 3839 1024 3884 ac
1036 3823 1222 3886 humanitatis
1237 3841 1306 3901 crgo
1315 3828 1473 3888 Francisco
1479 3825 1566 3888 Ohuo·
1644 3891 1645 3906 ἦ

402 3928 476 3988 rado
490 3927 640 3987 dexteram
662 3924 796 3998 praebuit
834 3927 988 4001 Sickingen
1001 3929 1091 4002 igitur
1105 3930 1172 3990 vino
1187 3947 1314 3992 amorem
1325 3934 1453 4008 jungens
1468 3928 1566 3992 Gasani

403 4046 520 4090 manum
539 4031 640 4090 durius
658 4032 772 4104 premit.
818 4031 933 4094 Caesare
955 4034 1069 4095 volente
1093 4034 1240 4096 demerem
1265 4039 1415 4098 retrahere
1440 4054 1476 4098 ac
1494 4037 1566 4098 abne
1644 4095 1645 4098 ,

403 4136 520 4196 conanti
542 4134 694 4210 Sickinpen
713 4133 817 4202 fortius
835 4139 955 4212 premit,
977 4153 1097 4212 sperans
1117 4155 1148 4200 se
1172 4157 1257 4214 posse
1276 4141 1411 4215 precibus
1422 4141 1565 4216 ¹(laeseram

403 4242 538 4302 retinere.
576 4239 616 4300 Et
637 4255 701 4300 oum
722 4241 764 4300 sic
777 4241 954 4316 aliquamdiu
972 4243 1049 4304 inter
1070 4243 1124 4304 hos
1144 4251 1303 4320 pugnatum
1317 4252 1393 4308 esset
1408 4263 1444 4307 ac
1457 4244 1566 4306 tandem
1632 4297 1633 4302 ,

402 4344 501 4406 ilaesor
516 4351 677 4421 susceptum
691 4347 749 4405 iter
762 4353 1003 4423 prosequeretur,
1023 4347 1120 4410 Cesar
1135 4351 1312 4426 principibus
1331 4357 1435 4426 postca
1448 4363 1564 4423 conque·

402 4457 464 4512 stus
488 4456 545 4526 est,
570 4467 602 4512 ae
624 4467 661 4512 ex
683 4453 832 4525 pressione
853 4469 956 4514 muns
975 4455 1012 4514 ob
1033 4454 1192 4530 chiragram
1211 4463 1241 4516 ct
1259 4458 1416 4532 podagram
1431 4456 1565 4518 cruciatus

401 4557 540 4617 maximos
553 4557 707 4629 pertulisse
721 4561 752 4617 et
765 4563 863 4618 tamen
876 4574 935 4619 uon
949 4560 1077 4636 putruisse
1092 4560 1246 4636 Siokiugan
1260 4561 1446 4637 pudeiacerer
1479 4560 1565 4634 Hujus

385 4661 460 4734 ,joci
474 4665 505 4720 et
519 4658 616 4720 Caesar
637 4662 700 4734 ipse
718 4668 749 4722 et
763 4662 934 4739 Frmcmcus
949 4660 1119 4728 Otunrudus
1138 4673 1245 4741 prator
1266 4669 1361 4752 plures
1375 4671 1406 4732 at
1419 4667 1526 4728 auritos
1539 4668 1565 4724 ct

405 4764 534 4852 oculatos
548 4763 637 4828 usus
650 4770 792 4840 manyres
806 4772 883 4828 sunt.
