3700 5692
951 744 1016 810 tto

395 929 513 989 credere
528 928 641 988 Christo
656 933 685 987 et
699 943 776 1001 eam,
799 941 885 999 quam
904 928 930 985 is
945 925 1027 985 uobis
1043 925 1194 1000 revelavit,
1217 924 1310 1001 patris
1329 923 1506 984 voluntatem
1519 919 1559 982 ia-

396 1050 470 1109 cere,
486 1040 516 1094 et
530 1034 608 1109 qnod
621 1034 700 1093 nullu
715 1033 753 1091 sit
767 1031 910 1092 invocatio
924 1030 997 1106 Dei,
1018 1048 1072 1092 nec
1091 1031 1172 1092 ullibi
1197 1030 1398 1105 exaudiamur,
1420 1030 1478 1088 nisi
1492 1030 1561 1089 etin

396 1146 425 1199 et
440 1157 493 1215 per
507 1138 658 1214 Christum.
697 1139 775 1211 Ergo
798 1140 828 1196 et
841 1136 976 1196 Judaeum
994 1134 1102 1197 frustra
1121 1136 1246 1198 clamare
1259 1132 1380 1207 orando,
1404 1134 1487 1194 Deus
1501 1135 1562 1195 coeli

397 1250 426 1303 et
440 1250 536 1319 terrae,
556 1243 636 1304 Deus
650 1243 806 1316 Abraham,
829 1242 910 1302 Isaac
925 1248 955 1301 et
968 1242 1067 1318 Jacob,
1093 1245 1117 1301 si
1132 1260 1191 1303 nou
1205 1243 1347 1301 innitetur
1362 1239 1487 1300 Christo.
1510 1241 1563 1301 Ubi

396 1364 464 1407 vero
480 1348 517 1409 ad
531 1350 624 1408 locum
640 1348 676 1408 de
690 1347 824 1422 operibus
839 1346 1010 1422 devenisset,
1026 1348 1081 1408 ait:
1107 1349 1137 1408 Si
1153 1346 1288 1423 operibus
1303 1344 1421 1421 gaudes,
1442 1346 1523 1407 Deus
1536 1346 1564 1405 in

395 1452 506 1513 duabus
520 1454 626 1514 tubulis
641 1470 699 1513 non
715 1453 828 1526 quidem
843 1454 1008 1528 permagnis
1030 1469 1118 1527 opera
1137 1470 1202 1525 quae
1216 1452 1327 1511 faceres
1346 1452 1399 1511 tibi
1413 1452 1563 1526 praescrip·

397 1559 443 1632 sit,
459 1559 591 1617 nimirum
607 1564 640 1617 ut
653 1560 746 1633 ipsum
768 1559 861 1618 solnm
874 1556 988 1629 adores,
1011 1558 1088 1616 colas
1103 1574 1157 1617 nec
1171 1558 1264 1619 Deum
1278 1561 1385 1631 preter
1399 1554 1480 1615 bunc
1494 1557 1563 1614 scias

397 1668 451 1720 etc.
476 1662 568 1725 Crede
582 1664 613 1721 iu
624 1662 776 1737 Christum,
785 1662 878 1722 Deum
893 1661 980 1737 dilige
990 1666 1019 1721 et
1029 1663 1190 1735 proximum
1205 1664 1278 1722 siout
1292 1666 1322 1721 to
1336 1662 1441 1735 ipsum,
1460 1658 1566 1719 ommni

397 1781 495 1827 omnes
510 1767 596 1826 animi
616 1785 718 1827 nervos
732 1768 789 1827 buc
803 1768 973 1842 intenderis,
996 1767 1061 1843 plus
1083 1769 1152 1829 satis
1171 1776 1267 1829 tamen
1289 1783 1409 1842 operum
1430 1765 1566 1839 reperies,

398 1870 511 1946 et'tum,
528 1872 553 1931 si
568 1872 620 1933 tibi
634 1879 727 1947 vacat,
744 1888 842 1948 opera,
859 1890 923 1948 qnae
939 1890 1014 1947 papa
1025 1872 1119 1947 jubet,
1135 1870 1230 1934 facito.

435 2007 441 2017 ·
486 1959 609 2038 Domine
623 1980 703 2052 lesu,
723 1979 755 2038 in
768 1983 797 2037 to
811 1976 930 2036 credere
944 1978 1025 2037 uobis
1040 1978 1129 2054 dona,
1153 1996 1189 2039 ue
1204 1992 1268 2037 cum
1282 1974 1388 2037 mundo
1405 1976 1562 2050 despicien-

396 2087 440 2141 tes
454 2082 545 2143 lucem
556 2082 732 2157 iudicemur,
756 2083 853 2156 sicque
868 2097 958 2156 opera
972 2088 1072 2143 nostra
1086 2084 1162 2144 bona
1174 2084 1297 2158 luceant,
1328 2096 1365 2141 ne
1380 2096 1447 2140 eum
1461 2078 1561 2140 lucilu·

397 2187 441 2260 gis
454 2188 703 2260 vespertilionibus
722 2195 751 2248 te
766 2190 857 2247 lucem
872 2192 1009 2247 aeternam
1026 2187 1230 2249 abominemur.
1263 2188 1314 2261 Te,
1331 2188 1461 2262 inquam,
1479 2188 1567 2245 lucem

397 2291 600 2353 illuminantem
617 2301 728 2354 omnem
742 2292 885 2353 bominem
898 2293 1059 2353 venientem
1074 2294 1104 2352 in
1119 2294 1194 2351 huuc
1208 2291 1352 2366 mundum,
1369 2292 1414 2351 cui
1430 2308 1499 2352 curu
1513 2306 1560 2365 pa·

398 2402 445 2457 tre
460 2404 490 2458 et
504 2416 527 2459 s.
543 2400 647 2475 spiritu
662 2400 777 2459 sitlans
792 2405 823 2458 et
836 2398 930 2473 gloria
944 2399 974 2457 in
989 2404 1169 2473 perpetuum.
1193 2398 1294 2458 Amen.

486 2504 597 2565 Eadem
620 2505 770 2579 Philippus
794 2509 824 2564 et
841 2504 972 2563 Eubulus
993 2502 1072 2580 (nam
1092 2504 1221 2563 loannes
1244 2505 1274 2561 in
1298 2518 1349 2562 rus
1372 2498 1567 2576 concesserat)

398 2607 618 2670 Atrebatemem
644 2609 815 2685 compellare
834 2608 1010 2682 volebamus,
1032 2616 1132 2667 verum
1151 2606 1294 2683 extemplo
1309 2613 1342 2667 ut
1355 2622 1409 2666 nos
1423 2606 1502 2666 vidit
1515 2606 1566 2665 ait:

398 2712 463 2771 Jam
478 2714 549 2772 nibil
563 2714 643 2775 vobis
657 2731 773 2790 possum
787 2715 973 2790 respondero,
993 2713 1051 2773 elio
1066 2718 1196 2787 tempore
1215 2712 1400 2773 revertimini.
1452 2712 1568 2785 Hocque

399 2823 463 2877 erat
476 2818 561 2877 unius
576 2819 633 2879 diei
651 2836 771 2896 pensum
785 2817 951 2882 absolvisse.¹
989 2821 1069 2879 Inter
1084 2820 1269 2879 sollicitantes
1285 2823 1369 2879 erant
1383 2816 1522 2878 dominus
1536 2816 1568 2875 de

399 2919 548 2997 Celtingeu
562 2928 592 2984 et
604 2923 716 2999 legatus
731 2924 811 2984 ducis
826 2925 980 2999 Ferraria,
1004 2925 1089 2985 homo
1104 2926 1134 2984 in
1149 2924 1272 2999 speciem
1293 2924 1390 2999 magni
1405 2924 1527 2999 ingenii.

486 3027 597 3088 Eadem
612 3029 731 3089 carolus
746 3047 764 3089 a
779 3029 912 3091 Stockem
927 3028 1074 3090 nobiscum
1088 3047 1210 3104 pransus
1226 3034 1279 3090 est.

487 3131 564 3191 Dum
578 3138 645 3193 ante
664 3134 823 3193 cubiculum
838 3132 1037 3194 Atrebatemis
1058 3134 1287 3212 deambulamus,
1313 3134 1467 3209 Celtingen
1491 3134 1568 3195 nobis

399 3234 436 3295 do
449 3237 542 3297 aulico
556 3237 678 3312 quodam
692 3238 779 3313 dixit,
803 3240 932 3314 quicum
947 3254 965 3299 a
981 3238 1095 3301 cesare
1114 3240 1258 3316 stipendia
1279 3241 1408 3315 exigeret
1422 3256 1460 3299 ac
1475 3240 1569 3299 Cesar

398 3342 605 3416 respondisset:
620 3344 731 3404 lllault
745 3346 827 3405 avoir
841 3338 981 3419 patience,
997 3345 1106 3405 subcus
1122 3346 1208 3405 dixit:
1233 3344 1281 3405 Gil
1295 3361 1349 3419 aye
1364 3360 1421 3418 ony
1436 3346 1567 3418 patience

400 3451 428 3506 et
451 3448 567 3522 passion
585 3465 639 3522 par
652 3449 682 3508 la
696 3451 813 3524 passion
828 3450 865 3510 de
879 3450 954 3510 dieu.
994 3449 1090 3511 Caesar
1111 3449 1239 3511 obticeris
1254 3450 1341 3524 iussit
1360 3450 1403 3509 illi
1417 3463 1568 3508 numerare

400 3553 572 3627 quingentos
593 3552 727 3616 florenos.
771 3554 829 3615 Sed
849 3571 908 3616 non
929 3554 1060 3617 omnibus
1083 3538 1165 3631 aeque
1186 3552 1307 3615 feliciter
1328 3554 1416 3615 cessit
1439 3554 1569 3616 leonibus

400 3657 556 3719 collusisse.
1553 3646 1556 3651 ⁵

423 3778 428 3787 ·
488 3763 599 3825 Eadem
618 3764 803 3828 adserebatur
816 3782 915 3827 rumor
930 3766 1074 3841 Hispanos
1089 3764 1199 3840 aliquot
1213 3766 1402 3841 Argentorati
1421 3765 1454 3824 in
1470 3768 1568 3825 exorto

400 3868 524 3927 tumultu
539 3870 645 3930 occisos
660 3888 731 3931 esse.
754 3871 865 3932 Eadem
880 3871 974 3931 socrui
990 3876 1019 3930 et
1033 3872 1116 3931 uxori
1131 3886 1184 3945 per
1198 3871 1339 3931 loannem
1361 3868 1445 3930 nobis
1461 3888 1481 3931 a
1494 3868 1569 3945 pedi·

400 3971 454 4032 bus
474 3974 646 4049 scripsimus.
685 3977 793 4038 Eadem
812 3976 913 4037 dodor
934 3974 1054 4037 Carolus
1075 3976 1166 4041 Harst
1184 3992 1237 4051 per
1257 3976 1418 4038 Samuelem
1437 3979 1567 4051 nepotem

401 4082 530 4136 nostrum
545 4082 682 4140 nonnulla
696 4082 778 4142 nobis
793 4082 947 4143 nunciavit.

489 4181 615 4245 Acoena
630 4185 780 4263 Philippus
800 4194 834 4249 et
844 4187 976 4248 Eubulus
994 4184 1140 4247 theatrum
1161 4187 1233 4248 illud
1255 4186 1405 4262 Hispanis,
1427 4201 1487 4259 qno
1504 4182 1567 4259 pile

401 4302 432 4347 se
451 4289 482 4347 in
508 4291 564 4351 hoc
592 4298 771 4368 exercerent,
803 4294 963 4367 sumptibus
988 4292 1068 4355 urbis
1087 4292 1227 4367 Augustae
1250 4293 1442 4369 pavimentum
1475 4286 1568 4363 lapids

401 4395 496 4454 coctili
517 4401 647 4471 stratum,
670 4396 778 4456 babens
793 4398 823 4457 in
837 4397 1045 4471 longitudinem
1059 4396 1174 4457 circiter
1196 4402 1311 4458 centum
1325 4395 1508 4472 septuaginte
1521 4408 1568 4468 pc·

401 4496 462 4573 des,
483 4500 513 4559 in
531 4501 713 4561 latitudinem
732 4502 829 4563 decem
852 4507 882 4562 et
900 4507 980 4577 octo,
1008 4502 1100 4563 tribus
1119 4500 1278 4576 parietibus
1296 4501 1437 4574 clausum,
1460 4498 1512 4559 sed
1533 4496 1567 4557 ab

401 4604 512 4663 oriente
531 4611 647 4681 patens,
674 4606 805 4666 vidimus.
843 4607 975 4667 Vidimus
996 4614 1025 4667 et
1047 4606 1195 4681 enjusdam
1217 4606 1380 4681 Augustani
1406 4601 1567 4679 splendidas

402 4706 488 4779 aedes
504 4710 554 4780 qui
567 4709 621 4767 hoc
635 4709 757 4770 disticho
770 4710 904 4787 largitori
918 4728 1005 4787 opum
1020 4728 1136 4773 suarum
1151 4712 1214 4773 Deo
1230 4711 1296 4771 coeli
1311 4716 1341 4771 et
1353 4714 1441 4771 terrae
1456 4710 1485 4771 in
1500 4720 1567 4767 saro

315 4862 318 4867 ,
402 4824 488 4883 super
502 4818 616 4887 portam
630 4813 730 4875 domus
743 4814 860 4893 depingi
874 4822 1042 4879 curaverat:
