3700 5692
849 687 897 768 ii

282 864 320 926 de
333 865 512 928 dissensione
526 866 694 928 Judaeorum
709 868 918 943 marcentium,
934 885 1002 930 num
1016 867 1148 931 dominns
1170 872 1200 932 in
1211 870 1359 934 Bethleem
1373 870 1452 936 Gali·

281 972 345 1046 lese,
365 987 404 1031 an
418 973 451 1031 in
463 972 612 1034 Bethleem
625 973 859 1059 Epirotenasei
873 973 1029 1035 debuisset.
1067 977 1150 1052 Item,
1172 979 1361 1053 querelosus
1375 979 1454 1040 Mes·

280 1077 341 1136 sies
359 1075 530 1136 Nazarenus
550 1084 669 1138 vooatus
689 1080 728 1138 sit
748 1082 779 1137 et
797 1078 873 1138 unde
892 1079 956 1166 hae
976 1084 1119 1142 sententie
1143 1082 1301 1158 desumpta.
1340 1084 1454 1146 Scilicet

279 1181 451 1242 Nazarenus
470 1181 635 1257 vocabitur,
659 1200 724 1244 eum
740 1184 825 1258 juxta
845 1183 873 1243 d.
894 1185 1101 1260 Hieronymum
1123 1185 1156 1266 in
1174 1189 1258 1259 nullis
1280 1188 1362 1249 libris
1384 1207 1452 1263 pro·
1560 1231 1564 1236 -

279 1286 434 1360 piratarum
459 1288 631 1362 reperiatur.
672 1287 779 1348 Aiebat
802 1295 898 1350 autem
918 1291 950 1350 in
972 1291 1045 1353 libro
1064 1292 1197 1352 Judicum
1224 1309 1287 1369 oep.
1309 1295 1357 1354 xvi
1371 1295 1450 1370 inue-

278 1393 346 1467 niri,
362 1408 465 1466 nempe
479 1392 517 1453 de
531 1392 685 1469 Samsone,
707 1394 757 1467 qui
774 1393 871 1455 iuerat
883 1393 978 1469 figura
997 1397 1158 1462 salvatoris.
1194 1397 1270 1458 Nam
1284 1403 1317 1457 ιι
1332 1399 1461 1466 Samson.

278 1498 379 1571 plures
401 1497 528 1556 monens
547 1496 691 1558 interiecit
712 1495 798 1572 quem
818 1499 931 1573 vivens,
952 1500 994 1561 sie
1009 1500 1139 1576 Christus
1160 1519 1245 1562 verus
1260 1503 1347 1564 heros
1361 1510 1453 1570 morte

277 1618 333 1662 sua
346 1601 503 1697 diabolum,
528 1600 672 1661 infernum
686 1603 867 1666 otmundum
881 1605 994 1667 devicit.
1032 1607 1107 1668 Huic
1122 1623 1192 1684 ergo
1211 1607 1337 1682 glorioso
1351 1610 1451 1668 trium

275 1707 404 1782 pletori,
413 1708 691 1781 quisuosnunquam
700 1709 888 1770 derelicturus
896 1717 949 1786 est,
963 1728 1072 1774 summa
1080 1711 1186 1774 iduma
1198 1712 1346 1774 adbaerere
1355 1715 1457 1788 jussit.

277 1812 365 1886 Quod
379 1813 466 1875 nobis
482 1814 613 1875 omnibus
630 1813 706 1874 idem
727 1813 868 1890 benignus
889 1815 1034 1894 dominns,
1057 1817 1185 1880 cuicum
1205 1822 1288 1893 patre
1308 1823 1338 1880 et
1351 1825 1450 1891 sancto

276 1919 383 1993 spiritu
397 1920 429 1978 in
444 1922 618 1994 sempiterne
632 1919 670 1979 sit
683 1919 785 1994 gloria,
802 1919 897 1980 donet.
920 1921 1024 1982 Amen.
1116 1963 1119 1968 -

366 2023 472 2084 Statim
488 2041 508 2084 a
521 2026 656 2086 concione
670 2025 844 2099 predicetur
857 2026 902 2086 his
917 2029 967 2100 qui
982 2043 1071 2088 ιιιιιι
1087 2027 1203 2102 synaxis
1217 2026 1372 2101 participes
1386 2024 1450 2086 fieri

274 2128 429 2203 uolebant,
454 2131 618 2204 paraenesin
636 2130 898 2192 christianissimam
921 2131 1061 2208 adhibuit,
1076 2133 1236 2207 praelegens
1251 2135 1450 2206 argumentum

274 2234 457 2294 exemptionis
475 2231 623 2308 ¹publice.
661 2236 771 2296 anens
786 2237 929 2310 precipue
936 2236 1029 2297 Deum
1045 2241 1172 2312 orarent,
1188 2240 1221 2295 ut
1234 2234 1353 2296 verbum
1367 2251 1449 2295 suum

273 2341 358 2402 nobis
375 2339 484 2400 diutim
498 2339 646 2414 impertire
661 2340 838 2414 dignaretur.
864 2339 1047 2402 Oaeremoniae
1062 2348 1157 2402 eutem
1172 2341 1218 2400 ιιι
1232 2340 1294 2401 iere
1309 2341 1340 2400 in
1348 2339 1447 2414 Angu-

274 2451 362 2509 stana
377 2447 508 2519 eeclesia,
522 2446 573 2505 ubi
586 2446 709 2520 populus
729 2445 768 2506 ed
789 2445 956 2506 sumendam
971 2447 1173 2508 eucharistiam
1188 2445 1307 2519 accedit,
1331 2459 1447 2504 seman·

273 2558 333 2612 tur.
356 2550 395 2610 In
408 2551 510 2626 templi
523 2553 612 2612 choro
626 2550 772 2611 Minorum
787 2553 879 2612 altare
894 2568 1028 2627 magnum
1044 2557 1101 2628 ιιι,
1124 2557 1191 2612 ante
1205 2549 1284 2626 quod
1297 2549 1391 2624 posite
1405 2552 1450 2608 ιιι

273 2671 455 2716 mentatum
478 2656 564 2715 alteri
578 2654 707 2715 ιιιιιιιιιι
720 2656 824 2731 ligneis
838 2656 965 2731 occlusa,
988 2657 1047 2731 ite,¹
1066 2662 1099 2716 ut
1118 2657 1171 2716 soli
1191 2655 1358 2716 sacerdotes
1371 2653 1449 2714 intra

271 2762 347 2823 illud
360 2761 519 2835 speciolum
532 2765 637 2834 estant,
659 2765 689 2819 et
701 2765 888 2835 posteaquam
901 2761 983 2836 plebs
1005 2764 1154 2837 utriusque
1174 2778 1258 2822 sexus
1279 2761 1380 2824 ordine
1395 2776 1447 2820 suo

272 2874 333 2930 stat
345 2869 395 2929 ιιι
408 2867 580 2941 consederit,
596 2868 738 2940 parochus
753 2869 891 2928 nonnulla
908 2868 985 2928 hune
1003 2874 1098 2928 aetum
1120 2865 1322 2928 concernentia
1335 2882 1446 2942 germa-

273 2975 340 3034 nico
354 2953 494 3034 idiomate
506 2973 586 3047 legit,
597 2973 686 3032 verbe
699 2973 922 3034 consecrationis
937 2971 1087 3047 proferens
1102 2977 1132 3032 ιι
1139 2988 1207 3033 mox
1220 2971 1344 3031 ministri
1360 2972 1448 3032 eccle·

273 3079 335 3152 siae,
349 3076 428 3138 fecie
440 3076 479 3137 ad
493 3079 629 3152 populum
643 3094 737 3152 versa,
753 3093 855 3151 panem
870 3081 900 3136 et
914 3078 1032 3136 calicem
1045 3078 1077 3135 in
1091 3094 1192 3137 manus
1207 3082 1321 3137 sumunt
1335 3093 1445 3137 recum·

275 3185 380 3245 bones
395 3183 433 3244 ed
448 3183 588 3242 cancellos
602 3183 711 3257 atrioli,
734 3184 776 3242 ita
795 3187 828 3242 ιιι
842 3182 881 3241 ad
895 3182 996 3242 lavam
1016 3181 1116 3240 altaris
1131 3179 1256 3242 foemina
1276 3181 1459 3260 accipientes

272 3291 429 3364 utramque
443 3289 567 3362 speeiem
581 3288 728 3363 amedant,
737 3288 775 3349 ad
790 3287 919 3349 desuem
934 3286 987 3346 viri
1004 3291 1069 3360 ete,
1086 3302 1120 3346 ιο
1134 3292 1230 3346 temen
1245 3285 1346 3346 ordine
1361 3291 1447 3360 atque

273 3411 310 3454 ea
325 3393 468 3468 decentia,
483 3410 521 3454 ne
535 3395 581 3454 ιιι
595 3393 651 3454 viri
664 3393 808 3467 mulieres,
824 3391 869 3451 vel
883 3391 1019 3452 mulieres
1035 3390 1110 3452 vicos
1129 3392 1161 3449 in
1180 3406 1295 3452 accessu
1310 3393 1447 3450 intertur-
1533 3433 1535 3436 -

272 3500 352 3561 bent.
377 3499 517 3560 Liberum
529 3514 643 3573 quoque
666 3504 710 3558 est
723 3498 873 3572 utriusque
887 3513 973 3556 ιιιιιιι
988 3496 1164 3570 hominibus,
1186 3496 1211 3555 si
1233 3496 1296 3570 quis
1311 3510 1446 3570 panemo

272 3606 407 3666 manibus
420 3602 604 3666 sacerdotnm
618 3605 663 3664 ιιι
677 3604 737 3662 suis
750 3603 878 3679 propriis
892 3602 936 3663 ori
951 3618 1003 3662 suo
1018 3600 1170 3661 admovere
1184 3601 1261 3674 velit,
1283 3601 1358 3662 idem
1373 3617 1458 3674 qno.

273 3726 328 3784 qne
343 3709 382 3770 de
395 3710 495 3769 eaboe.
518 3710 594 3769 Dum
609 3709 671 3768 haec
684 3707 767 3783 liunt,
783 3707 974 3767 ecclesiaDeo
987 3705 1087 3766 laudes
1098 3706 1240 3766 decentet.
1251 3757 1253 3766 ,
1264 3706 1336 3766 Post
1346 3717 1444 3778 sump-

272 3816 382 3876 tionem
403 3820 648 3875 seeramentorum
668 3830 769 3872 rursus
788 3829 842 3888 per
856 3813 1036 3873 mendosam
1050 3809 1083 3872 fit
1097 3811 1263 3872 admonitio.
1295 3811 1446 3885 Leguntnr

273 3937 376 3994 preces
391 3935 483 3980 sacre
498 3925 528 3980 ιι
541 3921 584 3979 ιιι
598 3920 718 3980 ιιιιιιιι
733 3918 894 3978 dimittitur.
947 3956 950 3960 ›
1073 3923 1097 3966 ⁸

362 4024 522 4087 Dicebatur
536 4025 636 4086 eedem
643 4021 942 4085 0ttboBerekenleldt
954 4021 1115 4082 advenisse.
1143 4022 1255 4083 Eadem
1270 4021 1362 4094 maior
1376 4035 1445 4096 pers

226 4119 230 4129 '
272 4128 409 4192 famulitii
422 4131 515 4190 noemi
530 4130 617 4205 regie
631 4135 661 4189 et
674 4120 809 4189 casareae
822 4129 917 4188 missae
931 4127 1079 4202 spectandi
1093 4144 1162 4204 ergo
1177 4125 1307 4188 adfuere.

362 4236 411 4297 Ad
428 4237 545 4297 tertium
568 4234 793 4310 pomeridianam
817 4233 854 4293 D.
877 4233 1026 4294 Masculus
1047 4238 1239 4308 prosequutus
1269 4236 1314 4290 est
1335 4233 1445 4288 textum

273 4342 396 4402 loannis
411 4340 483 4417 xiiij,
504 4339 612 4401 scilcet
633 4340 695 4398 haec
714 4339 818 4400 uerba:
843 4337 947 4398 Pacem
968 4337 1099 4412 relinquo
1121 4337 1211 4416 vobis,
1234 4349 1334 4409 paoem
1352 4347 1445 4392 meam

273 4447 310 4508 do
322 4447 417 4523 vobis,
433 4463 492 4506 non
507 4448 581 4505 siout
595 4443 718 4504 mundus
733 4443 793 4518 det,
809 4457 872 4503 enm
888 4443 926 4503 do
941 4443 1021 4504 vobis
1036 4448 1090 4502 eto.
1106 4455 1252 4516 exponens
1267 4439 1321 4511 nit,
1345 4451 1445 4511 pacem

275 4551 382 4614 Christi
397 4567 461 4612 esse
474 4566 575 4624 paoem
589 4564 607 4610 a
621 4554 714 4627 patre,
730 4561 831 4629 paoem
844 4564 910 4608 cum
929 4553 1012 4622 petre
1033 4551 1173 4622 etpacem
1189 4560 1276 4620 quem
1291 4523 1367 4618 gerit
1380 4556 1445 4600 cum

853 4682 870 4720 *

346 4781 360 4828 1
380 4773 576 4848 exomologesis
592 4771 707 4840 pubuoe
723 4771 742 4822 i.
762 4785 785 4823 e.
802 4767 918 4837 publicae
936 4766 1137 4820 confesionis.-
