3700 5692
383 942 442 985 non
453 923 556 986 inseite
569 922 701 985 dominns
715 922 752 984 de
765 922 879 998 Buawy,
896 923 946 996 qui
961 921 1154 997 hippodromo
1170 922 1295 996 etoquia
1308 923 1425 983 essens
1439 928 1554 999 preest,

384 1032 501 1106 dixerit,
524 1046 641 1091 neeesse
655 1044 720 1090 esse
734 1028 896 1089 Germania
916 1028 1075 1103 superioris
1096 1026 1218 1087 feminas
1240 1030 1325 1104 longe
1345 1030 1410 1105 plus
1429 1030 1557 1090 sordium

384 1152 469 1211 quarn
482 1137 676 1197 Brabantinas
689 1141 741 1195 ant
753 1132 900 1194 interioris
913 1132 1076 1193 Germaniae
1091 1110 1213 1193 laminas
1228 1135 1406 1194 eontrahere.
1436 1133 1558 1195 cuidam

343 1261 347 1265 ’
384 1248 479 1302 autem
498 1256 615 1302 musam
636 1242 828 1316 intorroganti
848 1238 1014 1317 respondit,
1037 1241 1083 1299 hae
1102 1239 1164 1301 iere
1184 1240 1305 1315 singulis
1324 1239 1425 1301 diebus
1448 1240 1558 1300 balneis

385 1364 457 1422 opus
470 1350 591 1423 babent,
606 1354 715 1408 nostrae
728 1349 778 1408 rix
791 1348 879 1408 semel
892 1353 944 1409 aut
958 1346 1002 1407 bis
1016 1346 1048 1404 in
1063 1362 1140 1406 anno
1155 1346 1254 1406 levant
1268 1360 1402 1420 eorpora.

473 1452 582 1513 Eadem
603 1452 790 1514 Baltbasarus
813 1454 852 1515 ab
873 1450 1073 1525 Entzenberg,
1102 1463 1176 1511 uxor
1196 1455 1227 1511 et
1249 1441 1339 1511 nurus
1366 1466 1420 1511 sua
1444 1450 1560 1512 domum

385 1560 497 1634 abiere,
512 1560 717 1632 expectabatur
732 1565 761 1619 et
774 1563 868 1619 mater
883 1558 991 1618 domini
1005 1574 1023 1617 a
1037 1554 1218 1617 Wildeniels.

438 1684 443 1691 ·
474 1665 538 1724 Hae
561 1664 609 1725 die
630 1667 705 1724 sient
725 1668 756 1724 et
776 1664 895 1739 singulis
913 1663 1072 1731 sabotbinis
1095 1662 1197 1724 diebus
1222 1662 1357 1724 nundus
1377 1664 1560 1725 Rudelstadii

385 1773 478 1829 erant.
509 1770 566 1829 Hie
579 1769 641 1829 dies
656 1774 775 1829 eotenus
789 1774 861 1842 erat,
877 1769 957 1843 quod
970 1784 1025 1844 pro
1040 1768 1180 1829 habendis
1195 1771 1277 1843 equis
1291 1771 1322 1829 in
1335 1771 1462 1846 patriam
1476 1771 1559 1831 mise·

386 1891 497 1949 minus,
513 1876 565 1935 ssd
580 1874 675 1935 adhue
687 1892 857 1949 responsum
871 1879 1049 1949 expeotstur.

475 1981 554 2041 Nota
572 1981 609 2041 de
632 1981 745 2042 dnonas
765 1981 864 2042 cliviae
884 1982 1029 2042 comitisse
1047 1982 1078 2041 in
1094 1980 1326 2056 Schwartnburg,
1350 1997 1415 2056 qum
1438 1982 1477 2043 ob
1499 1984 1559 2057 pia·

387 2086 481 2146 aulum
494 2087 526 2145 in
539 2087 674 2147 maritum
688 2089 870 2149 commissum
882 2086 1064 2149 Rudelstadii
1085 2086 1116 2145 in
1131 2100 1247 2146 cartem
1267 2092 1416 2147 asservata
1436 2088 1475 2148 ad
1490 2094 1560 2149 tem·

387 2208 442 2267 pus
454 2192 572 2265 aliquod
585 2208 622 2253 ao
632 2194 750 2255 tandem
763 2196 795 2254 in
808 2194 971 2278 coenobium
980 2192 1172 2253 Arnstatense
1184 2193 1306 2268 intrusa,
1322 2194 1353 2253 in
1369 2210 1427 2267 quo
1442 2198 1473 2254 et
1487 2194 1560 2255 diem

388 2298 492 2357 elaumt
506 2301 674 2360 extremum.
697 2300 768 2361 Fuit
780 2305 877 2360 autom
890 2300 955 2359 base
970 2301 1067 2360 atavia
1081 2313 1180 2359 soerus
1195 2303 1311 2359 nostres.

479 2402 672 2467 Gramebialdt
686 2412 717 2467 et
729 2406 954 2480 Blanolrenhayn
974 2420 1056 2467 artes
1076 2408 1144 2465 sunt
1159 2403 1256 2465 Caroli
1271 2408 1301 2464 et
1316 2404 1492 2479 sigismundi
1505 2404 1561 2464 ira·

389 2514 466 2569 trum
480 2528 500 2570 a
513 2509 661 2573 Gleieben.

342 2670 347 2677 .
477 2615 590 2676 Eadem
611 2617 743 2693 quidem,
765 2618 815 2692 qui
834 2618 903 2678 olim
924 2616 1046 2677 iliberto
1070 2616 1165 2677 comiti
1187 2632 1205 2675 a
1225 2614 1383 2677 Mansieldt
1404 2631 1423 2674 a
1445 2616 1562 2674 seeretis

390 2718 501 2796 iuerat,
529 2721 746 2783 Rudelatadinm
765 2723 880 2783 litteras
903 2722 1152 2783 oommendntioias
1176 2736 1272 2782 seeum
1298 2725 1456 2797 apportans
1479 2719 1562 2793 venit,

389 2827 507 2901 cupiens
520 2828 552 2887 in
565 2826 736 2889 famulitium
750 2826 873 2889 domina
888 2844 989 2889 soorus
1008 2828 1110 2904 reeipi,
1131 2822 1231 2889 verum
1246 2826 1277 2888 id
1290 2828 1396 2888 multas
1412 2826 1449 2888 ob
1465 2840 1564 2887 causas

390 2932 456 2994 lieri
469 2934 617 3007 nequibat.

479 3040 624 3099 Reversus
639 3043 683 3097 est
697 3036 797 3097 eadem
818 3043 849 3098 et
861 3036 1008 3098 Adrianus
1027 3045 1126 3100 noster
1145 3039 1182 3099 ab
1195 3038 1329 3114 Augusta
1342 3038 1565 3112 Vindelioorum,

391 3143 504 3203 litteras
517 3160 538 3202 a
552 3144 709 3204 Melebiore
723 3142 828 3203 Lindie
846 3142 990 3219 reterens,
1014 3146 1063 3219 qui
1077 3160 1109 3205 se
1119 3146 1181 3220 jam
1195 3148 1283 3206 tortio
1299 3144 1338 3205 ad
1357 3162 1403 3205 me
1418 3144 1567 3219 scripsisse

392 3251 592 3325 conqueritur,
612 3266 676 3309 enm
690 3265 763 3309 unas
777 3254 891 3309 tantum
903 3250 1019 3310 litteras
1033 3252 1095 3325 ejus
1110 3252 1313 3339 aeceperimus.

412 3384 416 3390 ·
480 3355 680 3416 Atramtensis
700 3354 811 3417 nobiles
828 3354 982 3415 minitatus
999 3356 1143 3417 Wsldeok
1162 3357 1192 3417 in
1214 3352 1320 3418 litteris
1338 3356 1447 3416 nostris
1469 3356 1566 3415 remis·

391 3458 477 3521 sorim
491 3460 644 3522 excindere
659 3467 790 3523 oonmur.

482 3567 630 3629 Musonius
651 3567 783 3642 Augusta
801 3566 913 3627 duobus
935 3566 1130 3641 stipendiariis
1145 3566 1225 3628 urbis
1248 3568 1341 3644 ipsum
1366 3566 1567 3627 eomimndbus

394 3668 532 3733 disoesdt.
571 3674 600 3733 Is
614 3674 695 3749 ouq'us
709 3674 776 3734 ooeli
790 3679 903 3734 suntet
915 3677 996 3732 terra
1017 3672 1062 3732 sui
1077 3688 1174 3733 euram
1193 3690 1281 3748 agere
1302 3672 1446 3747 dignetur.
1486 3672 1569 3731 Viees

393 3776 519 3838 Musouii
539 3779 668 3840 Joannes
686 3780 828 3839 ilenriens
848 3779 977 3853 supplet,
1001 3792 1055 3838 neo
1072 3779 1099 3838 is
1120 3777 1234 3853 quidem
1253 3776 1378 3839 infidelis
1399 3779 1447 3838 vel
1473 3792 1568 3838 socors
1601 3766 1605 3775 ¹

394 3883 476 3945 verbi
490 3883 579 3944 dirim
593 3889 623 3945 ot
634 3885 838 3959 mysteriorum
854 3882 1038 3959 dispensator
1052 3890 1105 3945 est.

484 3989 555 4051 Post
570 3989 725 4051 dissessum
741 3996 871 4051 nemrum
890 3988 929 4049 ab
944 3988 1075 4064 Augusta
1089 3988 1261 4049 Franeiseus
1281 4005 1299 4050 a
1313 3989 1448 4064 Daluiglr
1468 4004 1568 4050 nouer-

396 4105 460 4152 oam
473 4094 547 4167 petit
560 4094 678 4170 cupiens
691 4101 726 4155 nt
739 4096 824 4170 hnjns
838 4094 959 4155 oonsilio
973 4095 1063 4169 possit
1077 4112 1123 4155 me
1136 4094 1214 4170 apud
1222 4110 1376 4155 esesaream
1391 4096 1571 4169 maiestatem

394 4214 542 4259 aoeusme.
579 4201 688 4261 Verum
700 4200 765 4260 hmo
777 4201 825 4260 vel
838 4202 928 4259 semel
941 4216 1050 4261 memor
1064 4216 1096 4260 se
1111 4202 1269 4276 genitorem
1283 4216 1378 4261 meum
1391 4200 1423 4259 in
1438 4200 1570 4259 moritum

396 4303 546 4381 babuisse,
570 4305 625 4366 hoo
642 4305 755 4367 isdnus
777 4307 928 4380 dionant,
945 4306 1051 4367 ‘dioens
1070 4310 1103 4365 ut
1120 4306 1307 4367 volubilitatis
1316 4305 1454 4367 domurn
1478 4320 1571 4365 reeor-

398 4409 536 4484 daretnr,
555 4428 623 4472 nem
636 4428 734 4472 rernm
753 4413 830 4473 vioes
851 4427 915 4471 esse
931 4417 961 4473 et
979 4428 1024 4472 me
1039 4411 1193 4491 aliquando
1213 4419 1246 4474 nt
1266 4413 1412 4474 dominnm
1435 4426 1520 4471 sunm
1532 4410 1571 4469 illi

398 4514 462 4575 nee
474 4516 506 4573 in
517 4517 613 4576 smum
626 4518 710 4579 annm
723 4517 849 4579 reddere
862 4532 957 4592 posse.
996 4516 1176 4591 conquestus
1195 4524 1241 4578 est
1256 4515 1332 4579 idem
1347 4533 1378 4578 se
1391 4518 1448 4577 hoo
1462 4515 1571 4592 negocii

397 4621 484 4683 iratm
504 4638 557 4682 auo
578 4623 690 4684 Jodooo
710 4624 885 4699 injunxisse,
907 4638 1008 4685 verum
1028 4624 1105 4683 hune
1125 4640 1189 4685 eum
1210 4622 1379 4684 Merobione
1398 4622 1523 4682 iliberto
1545 4622 1570 4679 in

400 4725 548 4786 Pruesiam
562 4728 676 4789 abiisse.
698 4730 767 4791 Non
780 4735 877 4790 nmen
890 4728 1044 4789 intermisit
1057 4729 1105 4788 hio
1121 4730 1214 4791 bonus
1228 4728 1273 4790 vir
1287 4728 1397 4802 aliquid
1413 4726 1493 4801 apud
1508 4743 1569 4787 oon·

401 4830 525 4891 aiiiarios
539 4834 722 4910 imperatoris
740 4834 1086 4912 tandemtandem
1104 4850 1140 4899 ao
1153 4835 1226 4899 alios
1244 4836 1368 4898 nubre.
1405 4832 1466 4895 Sed
1479 4833 1517 4897 ab
1531 4832 1570 4891 his
