3700 5692
849 736 913 802 105

295 918 325 976 in
346 918 481 978 absemia
507 918 635 992 ipsorum
660 919 756 980 illatus
777 918 897 998 inierim
923 921 1019 981 comiti
1044 938 1062 981 a
1083 920 1204 983 Nassum
1231 924 1463 999 conquerulatnm

293 1023 401 1083 abiere.
1410 1016 1414 1027 ’

383 1128 489 1187 Florus
511 1128 626 1203 librum,
647 1130 679 1187 in
698 1142 756 1202 quc
775 1127 930 1189 herbarum
949 1127 1048 1205 figura
1069 1132 1128 1191 suis
1148 1132 1290 1195 coloribus
1309 1134 1348 1193 ad
1369 1136 1465 1195 vivum

292 1233 877 1309 depictmruntetalinminremedica
890 1234 1062 1296 revendidit.
1433 1252 1440 1259 ”

376 1337 521 1398 ,θαιοῐιιιιι
533 1356 552 1399 a
565 1338 699 1399 Stockem
719 1340 787 1412 quia
801 1340 906 1415 saepius
924 1340 1105 1400 invitavimus
1124 1357 1161 1401 ue
1176 1343 1298 1402 morosis
1312 1344 1463 1403 murmuri-

293 1444 347 1503 bus
362 1459 435 1503 ausa
450 1444 579 1516 daretur,
603 1460 658 1518 pro
672 1446 804 1519 expensis
819 1446 909 1520 ipsius
923 1460 1073 1505 oeconomo
1088 1446 1171 1505 Jostc
1189 1444 1364 1508 Oolbachero
1379 1444 1462 1508 flore·

291 1565 361 1608 num
376 1562 497 1607 aureum
512 1547 651 1607 dedimus.

339 1636 345 1643 ’
382 1653 495 1714 Eadem
509 1651 708 1728 llilcblingnm
725 1652 765 1712 ad
783 1654 884 1714 ducem
904 1656 1059 1715 limestnm
1078 1673 1131 1729 pro
1146 1657 1238 1717 literis
1259 1663 1312 1717 etc.
1329 1658 1463 1730 misimus,

291 1758 345 1819 sed
363 1756 483 1817 frustru.
520 1756 631 1818 Eadem
649 1758 773 1818 amulas
792 1759 933 1819 licentiati
954 1761 1066 1821 Nicolai
1087 1761 1181 1821 Mater
1200 1763 1337 1835 scriptum
1357 1762 1464 1836 suppli·

291 1863 417 1923 catioms
437 1860 572 1922 adferens
591 1863 775 1923 Atrebatemi
794 1864 886 1923 noemi
905 1866 1020 1924 nomine
1039 1865 1224 1926 offerendum.
1255 1866 1375 1926 Famula
1390 1868 1465 1929 hutzi

290 1984 346 2027 sex
361 1966 424 2027 dati
437 1971 514 2026 sunt.
616 1989 633 2001 ·
1267 1994 1273 2005 =
1440 1946 1444 1953 ⁴

298 2129 324 2139 .,
384 2070 514 2131 Maximo
526 2070 582 2131 Dei
596 2073 689 2145 patris
702 2073 748 2133 ira
761 2078 792 2133 et
811 2080 910 2133 nostra
930 2072 1015 2151 (prob
1037 2071 1131 2149 dolor)
1152 2073 1362 2147 impoenitentia
1382 2072 1464 2133 effec-

290 2184 356 2237 tum
370 2181 425 2249 est,
441 2182 474 2235 ut
484 2176 586 2236 videm
600 2182 679 2237 esset
692 2178 747 2238 hoc
759 2179 823 2252 ipso
839 2178 895 2253 die,
918 2176 1093 2237 cardinalem
1108 2176 1307 2251 Augustamm
1322 2194 1340 2237 a
1355 2178 1463 2237 Trnclr·

290 2298 341 2341 ses
355 2286 565 2341 sememontum
580 2280 627 2358 (ut
638 2283 695 2355 ipsi
708 2279 877 2356 loquantur)
889 2280 1112 2342 confirmationis
1124 2281 1333 2357 administrare,
1343 2288 1373 2342 et
1383 2287 1466 2343 tauta

290 2386 434 2446 mettas
453 2401 506 2458 per
525 2402 558 2445 se
576 2388 607 2447 id
623 2385 720 2447 facere
735 2388 854 2461 dignata
876 2393 929 2460 est,
953 2402 1017 2445 eum
1030 2388 1080 2446 vir
1093 2388 1256 2459 uuumjota
1270 2402 1359 2445 sacrae
1374 2389 1464 2463 scrip-

289 2498 368 2551 turae
382 2506 438 2565 pro
452 2497 590 2567 suggestu
610 2489 665 2550 fari
686 2492 800 2552 audeat
833 2490 971 2551 (iuratum
991 2498 1087 2551 autem
1109 2492 1146 2551 ab
1168 2507 1201 2551 eo
1224 2496 1277 2565 est,
1301 2498 1334 2550 ut
1353 2491 1466 2553 silorte

289 2596 459 2670 Augustani
475 2597 543 2655 huic
561 2597 687 2657 vuacta
706 2614 765 2657 uon
783 2598 878 2657 statim
902 2598 1128 2670 subscriberent,
1152 2598 1252 2655 rustici
1272 2596 1378 2656 Bavari
1402 2613 1466 2656 cum

290 2701 356 2761 suis
369 2700 469 2760 liberis
483 2698 625 2775 adferam,
648 2701 726 2773 qnod
739 2706 770 2761 et
788 2700 895 2762 luctum
916 2708 968 2762 est
999 2700 1162 2761 Ferebatur
1182 2716 1295 2775 quoque
1315 2702 1466 2763 nonnullos

291 2822 354 2865 aere
369 2820 434 2865 esse
452 2804 618 2880 conductos,
642 2810 676 2865 ut
693 2804 769 2865 hanc
786 2808 978 2867 scammoniam
998 2807 1185 2882 susciperent.
1223 2807 1343 2881 Reperti
1357 2811 1424 2869 suut
1438 2812 1468 2867 et

290 2913 371 2971 inter
392 2910 471 2971 cives
492 2908 691 2985 humanos,
715 2913 764 2986 qui
786 2912 824 2971 oh
844 2912 900 2971 hoc
921 2911 1093 2972 dominicum
1114 2910 1332 2985 frequentarent
1355 2912 1468 2985 signum

292 3014 521 3078 confirmationis
535 3030 597 3075 aum
609 3014 738 3089 perfidias
752 3018 784 3074 in
798 3016 942 3077 Christum
957 3034 976 3077 a
990 3017 1135 3077 cardinale
1150 3016 1331 3089 excipientes.

385 3120 412 3179 Δ
433 3119 557 3195 prandio
574 3136 644 3180 vero
664 3119 790 3179 Michaol
807 3120 857 3179 ille
876 3118 993 3179 fictitius
1012 3116 1173 3194 Mogontiae
1193 3120 1299 3194 praesul
1317 3120 1403 3194 hujus
1423 3118 1466 3179 ia·

293 3228 371 3287 bula
385 3226 569 3300 coryphaeum
583 3227 651 3300 egit.

386 3331 518 3403 Domine,
533 3346 624 3403 nsque
638 3346 705 3404 quo,
726 3344 795 3388 num
808 3330 839 3387 in
853 3334 1024 3404 perpetuum
1039 3330 1084 3389 ira
1098 3335 1149 3388 tua
1165 3327 1320 3389 desaeviet?
1350 3329 1467 3402 Exurge

294 3444 326 3497 et
336 3436 437 3511 judica
451 3438 572 3496 terrum!
602 3435 665 3494 lios
684 3434 800 3509 quidem
820 3432 949 3493 conlusio
969 3433 1060 3509 decet,
1082 3434 1163 3508 impii
1183 3438 1288 3507 autem,
1311 3432 1466 3507 odominc‚

294 3557 402 3602 nomeu
415 3545 495 3600 tuum
513 3539 759 3614 blasphemabunt,
782 3538 920 3598 dicamas:
943 3538 1011 3598 lion
1032 3544 1076 3597 cst
1097 3537 1153 3595 illis
1174 3552 1240 3610 spes
1259 3536 1290 3593 in
1309 3535 1373 3595 Deo
1392 3536 1467 3607 ipso·

294 3662 371 3706 runa
402 3645 539 3705 Omnibus
551 3660 606 3721 per
621 3644 764 3705 Christum
778 3646 894 3718 ignosce
908 3648 939 3701 et
958 3644 1080 3703 nominis
1098 3643 1141 3701 tui
1159 3641 1279 3715 gloriam
1299 3654 1403 3699 assere.
1434 3639 1467 3698 Id

295 3760 326 3813 to
339 3766 477 3825 rogam
490 3751 529 3810 ob
543 3749 688 3809 (ἵιιιιειιιιι
702 3750 847 3811 dominum
861 3754 1000 3808 nostrum.
1031 3748 1132 3807 Amen.

387 3854 621 3923 Oomtantienses
640 3855 753 3915 ceteris
766 3853 885 3915 mhibus
904 3856 1001 3914 animo
1020 3854 1213 3914 constantiore
1230 3849 1241 3887 ¹
1260 3850 1376 3910 iuterim
1396 3847 1468 3908 illud

296 3976 363 4021 csse
374 3960 517 4019 dicuntur.
540 3958 621 4019 Deus
635 3958 692 4017 illis
706 3961 895 4020 constantiam
909 3958 978 4019 fidei
993 3976 1024 4018 sc
1039 3960 1154 4034 dignam
1168 3958 1310 4032 impertiri
1325 3956 1467 4029 dignetur.

387 4064 447 4138 xxij
462 4064 536 4137 maji
555 4065 683 4124 Joannes
700 4063 793 4124 irater
813 4070 843 4124 et
862 4080 916 4139 ego
935 4065 1064 4124 muciani
1083 4078 1174 4123 saerae
1194 4062 1369 4136 Wolffgangi
1387 4060 1467 4119 blus-

298 4171 358 4231 culi
371 4168 603 4243 interfueramus,
626 4170 676 4242 qui
691 4185 727 4227 er
741 4184 804 4244 cap.
824 4171 864 4228 lb
882 4170 1005 4229 Joannis
1019 4170 1080 4228 baec
1095 4167 1196 4228 verba:
1222 4168 1273 4226 «Si
1292 4168 1356 4238 quis
1376 4167 1405 4224 iu
1423 4179 1469 4221 me

298 4294 360 4336 non
373 4275 522 4348 manserit,
546 4275 655 4347 ejectus
670 4280 715 4334 est
727 4274 807 4334 toras
821 4275 894 4334 sicut
909 4276 1018 4349 palmes
1033 4280 1063 4334 et
1077 4275 1201 4345 exaruit5
1223 4277 1252 4330 et
1270 4271 1405 4343 colligant
1419 4284 1468 4327 eos

298 4387 329 4441 et
340 4382 373 4439 in
387 4380 483 4453 ignem
496 4377 653 4452 conjiciunt
666 4385 697 4440 et
710 4376 833 4439 ardent«
850 4386 905 4439 eta.
922 4379 1095 4454 explanavit,
1111 4378 1215 4436 docens
1231 4371 1372 4447 quomodo
1386 4372 1468 4431 (thri-

298 4492 361 4545 stus
376 4483 521 4559 prioribus
536 4484 632 4543 verbis
645 4486 790 4558 apostolos
805 4486 897 4543 amice
911 4485 1081 4544 adhortatus
1096 4482 1134 4541 sit
1146 4482 1176 4539 in
1195 4478 1378 4537 similitudine
1392 4478 1468 4551 vitis,

298 4596 330 4650 et
342 4594 377 4649 ut
395 4590 426 4648 in
446 4589 510 4664 ipso
529 4593 679 4648 manerent
697 4604 732 4648 aa
751 4587 875 4650 fructum
895 4590 925 4648 in
947 4606 981 4649 eo
1000 4588 1118 4658 ferrent,
1142 4602 1176 4644 ac
1195 4599 1259 4657 quac
1280 4582 1469 4642 emolumenta

875 4720 892 4756 s

374 4810 388 4855 1
408 4809 501 4856 contro
516 4804 641 4855 interim?
