3700 5692
839 740 907 812 228

274 930 372 1005 jnssns
388 932 446 1004 est,
467 932 509 1004 ut,
525 926 711 1003 posteaquam
722 929 784 1003 jum
797 927 928 989 Eubulus
943 930 974 988 in
988 928 1111 1021 mutiam
1124 928 1241 990 casuris
1258 934 1392 1005 receptus
1406 929 1453 1005 sit,

277 1036 379 1120 eodem
393 1041 490 1095 mente
505 1035 536 1093 in
550 1034 642 1107 ipsum
656 1030 732 1094 ieret
746 1050 849 1110 necne,
864 1036 947 1110 prius
962 1035 1150 1109 experiretur.

366 1141 506 1215 Augustae
521 1137 597 1199 tuma
610 1138 705 1199 fertur
718 1140 864 1200 Eubulum
885 1142 958 1202 duos
975 1143 1193 1201 concionatores
1207 1140 1342 1201 Werdeoe
1357 1156 1453 1201 secum

276 1248 443 1309 abduxisse.
474 1246 674 1307 Atrebateusis
690 1246 801 1306 duobus
814 1244 952 1306 frutrbue
967 1248 1026 1307 suis
1041 1246 1184 1322 germanis
1199 1248 1350 1307 comitatus
1364 1246 1452 1307 semel

277 1360 366 1427 atque
381 1354 486 1412 iterum
500 1368 653 1411 novercam
670 1356 797 1411 nostram
812 1353 843 1409 in
857 1352 985 1426 hospicio
1000 1354 1117 1415 invisiit.

367 1460 479 1520 Retulit
492 1459 574 1519 nobis
589 1459 665 1518 idem
678 1458 824 1518 Adrianus
838 1457 972 1519 abbatem
988 1459 1026 1519 de
1039 1459 1185 1519 Keisheim
1201 1460 1362 1521 Palatinum
1377 1461 1451 1521 elec-

276 1572 371 1626 torem
385 1566 417 1624 in
430 1565 591 1625 coenobium
607 1581 688 1624 suum
701 1565 826 1637 hospitio
841 1565 974 1638 excipere
989 1566 1124 1625 uoluisse.
1147 1566 1318 1640 Reportavit
1332 1571 1362 1625 et
1375 1572 1453 1627 cute·

276 1688 329 1733 nas
345 1686 458 1732 aureus.
482 1670 564 1731 Idem
577 1669 649 1729 dixit
660 1670 820 1744 Rotgerum
835 1669 897 1730 auu
908 1670 961 1730 der
974 1670 1076 1745 Burglx
1089 1686 1167 1745 tegre
1181 1672 1271 1733 ritem
1284 1672 1409 1732 trahere.

366 1776 477 1837 Eadem
490 1791 585 1835 comes
600 1776 798 1850 sigismundus
816 1774 987 1836 adleiohen
1006 1777 1073 1836 bine
1092 1777 1171 1837 abiit.
1210 1777 1335 1838 Domina
1353 1794 1452 1837 socrus

276 1882 397 1943 donavit
410 1897 530 1942 uxorem
545 1886 575 1941 et
588 1897 634 1940 me
647 1881 754 1941 tabulis
769 1881 889 1956 duubus,
905 1883 936 1941 in
949 1882 1051 1956 quibus
1063 1888 1093 1943 et
1107 1884 1169 1957 ejus
1184 1884 1342 1944 etHemiei
1355 1885 1452 1943 mariti

276 1986 387 2062 effigies
403 1988 441 2048 ed
455 1990 550 2048 viuum
564 1988 611 2047 vel
632 1986 787 2047 aZeuside
806 1987 1011 2062 ipsodepictas
1026 1992 1152 2061 putares.
1192 1989 1285 2063 Super
1299 1992 1451 2065 imaginem

276 2099 378 2155 socrus
397 2095 533 2167 scriptum
553 2093 607 2152 Am
622 2093 702 2168 Tage
721 2091 862 2153 Boniiacii
875 2092 933 2152 Bin
947 2094 996 2153 Ich
1016 2108 1067 2153 sex
1084 2094 1141 2154 vnd
1160 2096 1297 2170 muncip
1310 2094 1384 2155 debr
1398 2096 1449 2169 alt

276 2202 321 2259 Im
334 2200 393 2265 Jar,
408 2202 502 2259 1536.
970 2228 973 2240 v
1150 2194 1153 2207 '

366 2306 458 2368 Fumo
473 2311 517 2367 est
531 2306 716 2368 chunradum
725 2306 837 2382 Pennig
850 2307 975 2382 insignia
988 2306 1100 2382 aliquot
1113 2306 1249 2367 militaria
1260 2304 1343 2379 juxta
1351 2304 1448 2365 Horu·

275 2416 352 2489 burg
368 2413 506 2474 erexisse.

366 2519 631 2594 Mugdeburgenses
655 2520 838 2579 excursiones
860 2523 962 2578 contra
984 2519 1142 2579 Hemicum
1161 2517 1374 2591 Bruuechwigoe
1396 2516 1448 2577 du·

276 2642 339 2686 cem
354 2627 496 2685 seniorem
511 2622 612 2684 iecisse
627 2623 771 2682 dicuntur.
808 2624 842 2682 In
857 2624 954 2685 Misus
967 2625 1038 2685 urbe
1053 2624 1222 2700 perducem
1236 2623 1405 2683 Mauritium
1420 2628 1451 2683 et

276 2738 370 2793 status
398 2731 535 2792 ditionum
560 2746 676 2789 suarum
700 2730 816 2789 comitia
839 2729 983 2790 habentur
1004 2747 1090 2805 super
1113 2730 1279 2803 receptione
1305 2726 1451 2791 ndedieti

275 2836 401 2899 interim.

366 2942 427 3003 Sub
441 2948 553 3002 noctem
568 2943 678 3003 balneis
693 2943 739 3003 usi
753 2960 860 3003 snmus.

365 3047 553 3123 Wildenfels,
568 3049 721 3123 liunberg,
742 3046 958 3109 Sobonkirclren
972 3064 1054 3109 arces
1068 3054 1135 3109 suut
1150 3048 1328 3109 dominorum
1343 3066 1361 3108 u
1375 3047 1448 3108 wll·
1487 3112 1494 3123 ,

275 3152 397 3229 (lemeis,
415 3170 469 3214 nec
483 3154 535 3213 ulli
548 3154 634 3213 modo
653 3159 721 3213 sunt
738 3153 859 3213 heredes
880 3154 966 3228 huius
982 3156 1115 3215 dinostiae
1130 3160 1237 3228 proeter
1251 3154 1407 3213 Henrieum
1419 3157 1451 3212 et

274 3276 406 3320 sororem
428 3262 489 3335 ejus
509 3260 715 3336 Margaretam.
754 3260 972 3319 Mutercorum
993 3275 1077 3319 soror
1099 3263 1144 3317 est
1162 3259 1285 3319 Joonuis
1304 3260 1449 3319 comitisa

275 3366 415 3427 Gleichen
427 3368 488 3440 Jum
503 3366 644 3440 defuncti,
661 3367 729 3425 olim
743 3365 881 3425 Rembdue
895 3364 1106 3423 commorantis.
1363 3344 1375 3364 ¹

364 3472 477 3533 Eodem
492 3472 569 3532 mdes
583 3472 695 3532 Alberti
715 3471 857 3531 Draconis
875 3469 1023 3530 irrisimus
1043 3476 1073 3530 et
1087 3484 1214 3529 museum
1234 3469 1296 3543 eius
1310 3466 1449 3527 librorum

274 3580 360 3654 copia
374 3578 466 3653 probe
479 3580 648 3637 instructum
664 3578 833 3636 invenimus.

362 3684 413 3758 viij
429 3684 500 3743 Julii
514 3682 630 3743 circiter
644 3684 793 3757 septimum
813 3682 931 3743 domina
949 3698 1049 3743 socrus
1070 3681 1144 3743 filias
1159 3682 1283 3743 Joaunis
1298 3680 1449 3741 Hemiciu

274 3789 529 3863 schwartzenberg
543 3790 574 3847 in
588 3788 854 3861 Leuchteubergum
866 3789 986 3848 remisit.

363 3895 475 3956 Eadem
497 3910 597 3954 socrus
619 3912 672 3954 nos
687 3892 802 3968 flagello
824 3892 957 3967 donavit,
980 3895 1010 3953 in
1025 3896 1106 3968 eujus
1121 3894 1224 3969 capulo
1239 3871 1391 3967 clepsydra
1404 3890 1448 3950 iu·

274 4000 356 4061 cluse
376 4005 422 4059 est
443 4016 506 4059 cum
532 4000 607 4061 notis
627 4006 656 4059 et
675 4000 815 4060 divisione
842 3998 922 4057 horae
943 3999 1027 4059 unius
1047 4000 1077 4058 in
1096 4005 1195 4073 partes
1212 4004 1232 4059 4
1247 4005 1277 4060 et
1291 3999 1387 4074 lignea
1401 4001 1446 4056 tu·

273 4106 382 4165 bellula
395 4108 516 4180 paginas
530 4104 653 4166 habente
667 4111 742 4165 octo.
774 4105 847 4164 Haec
859 4120 980 4164 munera
994 4107 1090 4165 socrui
1103 4106 1123 4165 J
1124 4121 1231 4167 cannes
1245 4103 1415 4165 willemus
1429 4118 1448 4161 a

273 4212 372 4272 Fuclm
386 4228 422 4272 ex
437 4211 563 4286 Turguw
576 4212 644 4271 dum
658 4226 798 4272 museum*
808 4211 970 4285 principum
986 4212 1120 4272 Suxouire
1135 4212 1340 4286 expoliatum,
1357 4205 1448 4284 (quod

272 4334 404 4378 museum
428 4315 505 4376 idem
525 4313 695 4376 wilhelmus
726 4316 817 4376 nobili
845 4316 1023 4390 supellectile
1044 4322 1075 4377 et
1099 4317 1289 4377 monumentis
1317 4311 1447 4387 principe

272 4422 369 4498 dignis
384 4424 555 4483 insuuctum
568 4422 659 4481 inisse
672 4428 705 4481 et
718 4422 832 4496 singula
846 4423 1016 4483 sucordine
1030 4425 1072 4483 itu
1086 4421 1233 4495 disposita,
1249 4424 1282 4479 ut
1296 4420 1359 4493 ipse
1374 4418 1446 4478 ordo
1507 4432 1511 4439 ·

272 4528 433 4603 principem
448 4527 573 4588 animum
588 4525 751 4602 significare
766 4523 922 4603 videretur,
938 4526 1063 4603 dixerut)
1079 4528 1173 4587 socrui
1188 4541 1224 4586 ex
1238 4526 1380 4587 manubiis
1396 4524 1446 4585 de·

272 4635 365 4695 derat.
389 4632 502 4693 Tabula
517 4640 611 4693 eutem
625 4634 686 4692 haec
701 4634 801 4707 agnitu
821 4640 866 4693 est
887 4633 975 4693 fuisse
990 4634 1111 4693 Jounuis
1125 4634 1210 4707 hujus
1224 4634 1248 4692 I.
1264 4632 1299 4692 F.
1315 4631 1447 4691 electoris

272 4741 365 4817 patris
379 4740 567 4800 illustrissimi
576 4746 607 4800 et
615 4756 761 4813 nunquam
775 4743 847 4799 setis
862 4739 1002 4800 laudandi
1010 4738 1094 4800 modo
1104 4740 1212 4815 captivi
1225 4740 1256 4798 in
1271 4738 1352 4813 cujus
1367 4739 1448 4814 pagi·

270 4848 316 4909 nis
331 4862 385 4910 sua
400 4846 565 4923 syngrapha
585 4846 738 4907 conciones
751 4846 864 4921 aliquot
883 4848 1047 4921 exceperat.
1076 4844 1153 4907 Nam
1168 4847 1201 4906 in
1212 4843 1392 4921 frontispicio
1406 4842 1448 4905 sic
