3700 5692
406 698 449 763 ὃς
907 687 1058 747 serres.
1135 688 1146 703 ·

427 853 548 925 sesllle
574 855 632 931 est,
656 850 709 934 qui
733 849 822 915 radio
846 854 952 914 tentat
975 850 1157 915 describere
1179 850 1335 917 mundum

493 964 526 1025 et
547 963 652 1023 terras
676 962 862 1039 tractusque
885 955 983 1020 maris
1006 957 1242 1039 peregrinaque
1265 976 1375 1039 regna,

494 1082 564 1129 cum
588 1062 740 1127 tenebras
763 1060 888 1126 habitet
909 1060 1007 1125 miser
1029 1068 1247 1145 angustosque
1269 1068 1413 1145 penales,

494 1186 628 1251 quorum
652 1167 739 1231 nuda
761 1169 852 1247 patet
873 1165 982 1229 lentus
1005 1182 1063 1246 per
1087 1169 1172 1231 tecta
1195 1166 1311 1233 Bootes

495 1279 592 1357 atque
615 1271 742 1350 Helice;
766 1270 950 1336 imbricibus
974 1270 1078 1349 ruptis
1101 1271 1268 1337 descendit
1291 1274 1330 1339 ab
1354 1272 1418 1339 alto

428 1381 617 1462 nsoJupiter
639 1379 819 1461 irroratque
842 1383 971 1442 arentes
995 1376 1097 1441 imbre
1120 1377 1247 1443 libellos

495 1493 529 1552 et
549 1485 659 1568 pluvia
682 1483 844 1565 sphaeras,
868 1483 1086 1565 coelestesque
1109 1483 1212 1550 abluit
1234 1484 1336 1548 orbes.

494 1592 555 1657 Hic
578 1594 626 1655 tot
648 1588 808 1672 myriades
833 1593 1033 1669 centenaque
1059 1587 1158 1653 millia
1181 1588 1285 1669 pingit

495 1696 528 1761 in
551 1694 663 1760 tabula
685 1692 873 1757 innumerae
897 1708 1065 1757 numerum
1089 1692 1282 1758 inventurus
1306 1710 1435 1774 arenae,

497 1799 554 1865 sed
577 1798 665 1880 pleni
687 1797 807 1882 zyphra
829 1797 922 1863 loculi
946 1798 999 1862 vix
1022 1802 1158 1880 quatuor
1182 1816 1271 1864 asses

430 1904 672 1982 assisteriam,
696 1900 798 1969 fundo
822 1920 938 1968 numus
962 1903 1106 1984 suspirat
1127 1903 1162 1966 in
1185 1903 1248 1968 imo

499 2016 533 2075 et
554 2009 691 2089 gemite
719 2009 799 2074 cista
822 2008 924 2073 socias
947 2005 1069 2090 fugisse
1093 2022 1235 2073 corones.

542 2113 738 2194 Halaesum,
761 2130 845 2197 quae
866 2117 1030 2193 nostrum,
1053 2130 1186 2194 praeses
1209 2112 1379 2197 Cyrrhaee,
1404 2118 1563 2199 pudorem
1643 2136 1644 2181 ς

499 2219 698 2303 prostituunt
720 2222 901 2301 coguntque
924 2216 1014 2299 gravi
1038 2219 1244 2285 succumbere
1267 2217 1349 2285 lato:

499 2326 575 2391 hinc
594 2324 720 2389 lacerae
741 2322 850 2405 pallae
872 2322 984 2403 Musis
1008 2321 1082 2389 hinc
1106 2322 1225 2389 conche
1247 2328 1409 2392 tumemus

435 2432 625 2512 arcerique,
649 2434 682 2495 et
702 2448 829 2495 macrae
852 2429 1018 2494 haurimus
1041 2428 1093 2494 vix
1116 2429 1240 2495 iuscula
1263 2446 1403 2495 mensae.

501 2536 631 2602 Interea
650 2540 764 2599 noster
787 2536 954 2600 subrectas
978 2533 1088 2599 tollere
1112 2535 1225 2601 cristas

502 2642 603 2707 hostis
625 2643 727 2705 amat:
751 2640 800 2706 bis
823 2638 909 2705 mille
932 2637 1140 2721 flagellatoris
1165 2639 1275 2722 iniqua

503 2745 646 2828 Bupodis
668 2763 743 2811 arca
764 2750 853 2810 tenet
875 2746 989 2825 minas,
1013 2750 1063 2810 ter
1087 2744 1172 2810 dena
1196 2745 1317 2811 talenta

454 2848 458 2855 ’
501 2871 600 2918 aurea
622 2851 794 2935 praedonis
818 2850 989 2917 conscribit
1011 2867 1120 2930 penna
1143 2850 1284 2929 telonae3

436 2976 488 3029 275
501 2961 534 3023 et
556 2975 636 3041 qnos
658 2955 745 3023 lama
768 2957 862 3036 viros,
886 2956 1020 3022 meritae
1043 2972 1122 3039 quos
1146 2956 1246 3039 gloria
1268 2956 1372 3024 laudis

502 3064 609 3129 evehit
631 3062 672 3127 ad
695 3079 839 3143 superos,
863 3061 930 3127 vita
953 3062 1028 3127 dum
1051 3062 1176 3143 puriter
1199 3067 1271 3128 acta

501 3174 534 3234 et
557 3168 656 3233 multo
680 3168 812 3249 capiunt
834 3184 893 3232 sua
915 3166 1061 3250 praemia
1085 3166 1183 3249 digna
1205 3167 1325 3244 labore,

501 3273 652 3357 indignus
674 3273 819 3356 sequitur
841 3276 963 3353 coetus,
986 3290 1058 3338 sese
1080 3273 1226 3355 improba
1252 3272 1364 3338 miscet

502 3378 598 3444 turba
620 3378 745 3459 probis;
769 3414 810 3424 -
834 3394 900 3441 non
916 3376 975 3443 hos
991 3376 1114 3443 coelum
1131 3381 1188 3442 aut
1203 3394 1295 3443 mens
1310 3379 1438 3445 conscia
1453 3384 1564 3460 terret,

434 3483 574 3566 seoquin
597 3488 671 3548 vobo
695 3502 732 3549 ae
755 3482 872 3549 tabulis
897 3484 1061 3549 tardantia
1083 3482 1151 3549 fata
1173 3484 1299 3564 piorum
1643 3490 1644 3493 ’

499 3588 676 3671 anticipent
699 3588 891 3672 rapiantque
915 3589 1045 3671 augusti
1069 3588 1234 3655 commoda
1257 3606 1382 3670 census,

500 3712 594 3777 quem
616 3700 744 3775 patrum
768 3695 872 3776 pietas
895 3695 961 3760 aris
984 3677 1176 3777 templisque
1200 3694 1326 3773 dicavit,

500 3804 537 3863 ut
560 3800 657 3864 vitam
680 3798 754 3864 hinc
776 3798 915 3866 tolerent
939 3804 971 3863 et
993 3798 1200 3865 consolentur
1224 3800 1318 3879 egeni

500 3902 650 3969 fortunae
673 3904 823 3969 invidiam
849 3905 1018 3987 viduisque
1040 3906 1177 3985 penuria
1199 3904 1330 3969 moestis

435 4008 540 4078 asosit
561 4007 662 4074 levior
683 4026 870 4092 pauperque
893 4010 1011 4075 habeat
1034 4027 1093 4076 sua
1114 4008 1203 4075 iarra
1225 4007 1384 4086 sacerdos,

501 4117 557 4179 ant
579 4132 658 4197 quos
683 4114 798 4179 divinis
822 4120 1012 4197 consumpta
1035 4115 1200 4181 laboribus
1224 4119 1314 4180 aetas

500 4220 565 4285 iam
586 4219 667 4285 rude
690 4220 825 4286 donatos
848 4221 963 4286 merita
985 4222 1051 4286 otia
1074 4238 1231 4304 quaerere
1254 4220 1347 4301 cogit.

503 4327 545 4391 nt
567 4326 696 4408 quinam
719 4326 777 4392 has
801 4326 1020 4409 eleemosynas
1044 4326 1230 4409 reditusque
1254 4330 1399 4392 sacratos

501 4428 688 4511 abripiunt?
733 4429 795 4507 Qui
818 4435 894 4495 sunt
916 4429 950 4494 hi
974 4430 1090 4496 circum
1116 4430 1257 4496 alvearia
1279 4428 1369 4496 lucil

436 4532 560 4602 aooVix
582 4535 687 4616 pudor
708 4533 800 4601 effari
823 4535 965 4615 patitur:
990 4534 1143 4601 subsellia
1165 4538 1270 4601 sartor

501 4656 626 4703 summa
648 4644 746 4718 tenet,
770 4639 951 4720 posthunc
973 4638 1092 4705 inflatis
1116 4640 1276 4722 spondula
1300 4638 1409 4705 buccis

503 4746 536 4808 et
559 4748 684 4822 tergum
707 4743 816 4809 laesus
839 4744 962 4811 Thraso
985 4743 1228 4829 foemineusque
1251 4744 1381 4811 satelles
