3700 5692
838 742 909 809 aot
947 812 956 841 ‚

289 928 357 991 dem
371 926 626 1003 quoqne-primum
639 922 800 987 audivimus
815 924 853 986 de
872 924 1006 987 Gomado
1026 926 1152 1002 Pennig,
1174 927 1223 1002 qui
1242 927 1332 989 millia
1352 928 1463 1005 aliquot

288 1035 421 1110 peditum
433 1034 606 1093 conduxisse
620 1031 778 1093 dicebatur.
898 1060 905 1075 ·

380 1140 461 1213 xxiiij
478 1139 559 1199 Juuii
572 1137 689 1200 Wardae
704 1136 742 1197 ad
756 1137 923 1198 Danubium
937 1138 1072 1198 Liborius
1088 1144 1117 1198 et
1131 1138 1276 1199 Adrianus
1291 1142 1462 1216 expectandi

290 1252 385 1307 mant
415 1244 528 1306 Ibidem
543 1249 653 1319 summ,
676 1245 745 1317 quia
758 1248 788 1303 et
803 1244 964 1328 dominam,
977 1243 1036 1303 dies
1053 1248 1083 1303 et
1097 1241 1177 1303 feriae
1192 1224 1313 1306 Joannis
1328 1247 1461 1321 baptista

291 1368 384 1413 samue
399 1356 510 1426 essent,
532 1366 591 1409 non
606 1366 665 1409 una
678 1365 762 1409 sacra
776 1352 875 1410 concio
891 1350 990 1410 habita
1005 1355 1057 1409 est.
1089 1348 1164 1409 Nam
1179 1348 1255 1411 inira
1269 1353 1419 1427 septimam
1433 1360 1463 1413 et

290 1474 398 1519 nonam
412 1458 500 1517 boras
514 1458 641 1516 aecimis
655 1456 786 1516 minister
800 1456 1042 1529 et'ludimagister
1057 1472 1120 1515 cum
1139 1456 1273 1517 sodalitio
1292 1457 1461 1519 scholastico

290 1564 443 1625 introitum
458 1562 622 1621 mnmbant.
653 1561 767 1621 Deinde
781 1560 886 1635 abquis
901 1562 1096 1621 mmistmrum
1111 1562 1190 1622 verbi
1205 1564 1311 1638 populo
1331 1564 1462 1639 spiritum

291 1670 401 1731 domiui
415 1670 589 1741 imprecatus
608 1672 660 1726 est.
700 1665 856 1727 Oossecmm
875 1670 906 1726 in
927 1674 1026 1727 nostro
1047 1666 1181 1728 idiomate
1204 1667 1382 1745 decanmvit,
1405 1688 1462 1745 qua

289 1775 374 1835 linita
393 1776 525 1835 minister
547 1778 712 1847 suggestum
735 1772 865 1832 ascendit
886 1774 985 1847 legens
1009 1775 1159 1848 epistolam
1181 1791 1216 1835 ea
1239 1776 1379 1837 dominica
1407 1760 1479 1851 pro

289 1882 385 1943 veteri
391 1880 520 1940 ecclesia
528 1880 674 1954 morelsgi
689 1879 813 1952 solitam,
829 1895 863 1939 aa
876 1880 907 1938 in
921 1878 1222 1957 ambouaespectans,
1239 1882 1331 1942 donec
1346 1874 1463 1957 alleluja

290 1981 477 2048 carnutum
492 1991 565 2045 erat.
600 1986 671 2045 Post
685 1984 764 2057 quod
777 1985 853 2045 idem
866 1985 997 2044 minister
1013 1986 1193 2059 evangelium
1209 2002 1245 2046 ex
1259 1989 1340 2047 Luca
1354 1988 1416 2062 c'ap.
1443 1990 1461 2047 6

290 2094 372 2168 legit,
387 2092 510 2151 addest:
529 2091 651 2150 «Estote
659 2106 729 2165 ergo
736 2090 945 2167 misericordes,
961 2092 1035 2150 sicut
1049 2096 1078 2150 ct
1093 2096 1177 2166 pater
1192 2100 1286 2152 vester
1301 2093 1462 2172 misericors

290 2202 345 2259 est.
368 2197 467 2257 Nolite
477 2196 617 2285 judicare,
633 2202 664 2256 et
678 2213 735 2257 non
748 2196 966 2270 judicabimini»
984 2202 1037 2257 atu.
1060 2196 1100 2255 Et
1115 2198 1155 2255 sia
1177 2197 1315 2258 illeabiit.
1333 2198 1461 2260 Incboro

291 2320 363 2365 vero
377 2304 430 2379 qui
443 2304 664 2363 condonaturus
686 2306 763 2376 erat,
784 2302 870 2362 credo
884 2303 915 2361 in
936 2303 1020 2362 deum
1041 2305 1132 2378 canit,
1157 2320 1191 2362 ac
1210 2292 1413 2379 ludimagister
1428 2322 1463 2365 ao

290 2410 407 2485 reliqua
421 2409 541 2468 eeclesia
554 2408 714 2482 symbolum
728 2409 887 2482 suscipiens
906 2410 1067 2482 germanice
1087 2408 1160 2469 illud
1179 2411 1312 2485 complet.
1344 2412 1462 2471 Interim

289 2516 478 2577 concionator
491 2514 643 2589 ambonem
656 2513 835 2588 conscendit,
859 2514 959 2587 paucis
974 2512 1110 2587 praefatus
1130 2516 1262 2577 invocato
1283 2518 1396 2577 nomine
1418 2516 1461 2577 di·

292 2624 363 2681 vino
375 2626 407 2681 et
420 2615 498 2680 dicta
512 2620 644 2703 oratiom
658 2618 812 2695 dominica,
836 2620 1017 2693 evangelium
1032 2635 1090 2679 non
1105 2626 1137 2680 ut
1152 2623 1240 2681 moris
1256 2626 1300 2682 est
1318 2622 1459 2699 relegens,

291 2727 345 2789 sed
359 2726 456 2787 statim
471 2725 678 2798 expositionem
692 2728 754 2801 eius
769 2726 945 2801 aggreditur,
963 2726 1074 2786 dicens:
1090 2726 1219 2787 Audistis
1232 2728 1262 2787 in
1277 2730 1461 2791 enarratione

293 2832 397 2907 capitis
411 2831 497 2905 hujus
511 2837 580 2891 ante
594 2847 702 2906 paucos
716 2830 777 2891 dies
794 2839 824 2892 ct
837 2833 922 2906 huius
934 2834 996 2906 jam
1009 2832 1076 2893 lecti
1091 2834 1232 2908 evangelii
1247 2839 1366 2894 textum.
1390 2834 1461 2896 Ani-

292 2936 529 2999 madvertendum
544 2952 613 2996 vero
629 2941 686 3012 est,
710 2937 787 3011 quod
802 2936 933 2998 cbristus
949 2939 1006 2998 duo
1021 2938 1067 2998 bie
1082 2940 1178 2999 uerbis
1193 2940 1348 3001 admonere
1362 2942 1460 3015 voluit,

294 3059 383 3103 unum
398 3049 431 3102 ut
444 3043 597 3117 discipulos
612 3042 651 3103 ad
664 3041 791 3103 futuram
798 3047 1027 3118 persecutionem
1037 3047 1232 3121 praemuniret,
1248 3046 1461 3121 probatorem,
1541 3031 1548 3044 ’

293 3165 351 3223 quo
365 3164 398 3208 sa
418 3150 645 3208 consolarentur.
676 3148 858 3207 Arbitramur
879 3150 956 3207 euim
977 3150 1053 3222 quod
1074 3168 1131 3211 non
1151 3152 1210 3211 sint
1230 3152 1379 3227 condigna
1398 3170 1463 3227 pas·

292 3256 391 3316 aiones
404 3254 489 3329 buius
502 3255 603 3314 mundi
617 3254 656 3316 ad
670 3270 733 3313 eam
748 3271 813 3329 qun
827 3253 969 3315 relabitur
983 3255 1103 3329 gloriam
1118 3261 1171 3316 etc.
1203 3256 1285 3316 Dixit
1300 3260 1389 3331 enim,
1410 3260 1461 3333 ait,

295 3378 370 3437 «ego
384 3362 468 3421 mitto
482 3377 534 3420 ros
549 3362 623 3419 sicut
637 3377 705 3422 ores
719 3362 751 3419 in
764 3359 858 3421 medio
871 3360 1023 3434 luporum»
1043 3366 1095 3421 etc.
1118 3360 1250 3420 Alterum
1262 3361 1339 3436 quod
1347 3362 1463 3423 doceret

293 3467 453 3542 discipulos
471 3467 636 3527 discernere
651 3467 844 3543 evangelicam
855 3468 1001 3540 iusticiam
1020 3483 1038 3527 a
1056 3467 1173 3541 justicia
1192 3468 1263 3542 legs.
1295 3468 1463 3542 Quanquam
1497 3472 1499 3477 '

294 3573 427 3633 cbristus
441 3572 488 3631 bic
501 3589 562 3631 non
574 3574 710 3647 loquatur
725 3573 761 3633 de
773 3574 891 3647 iusticia
906 3572 1043 3633 salvante.
1067 3572 1142 3631 Nam
1157 3572 1234 3634 salus
1248 3590 1301 3650 per
1317 3572 1462 3633 Christum

293 3694 330 3738 ex
345 3678 475 3753 metuite
488 3679 686 3739 misericordia
701 3678 785 3739 nobis
799 3679 887 3737 venit.
919 3677 1012 3739 Nimis
1028 3678 1103 3739 enim
1118 3679 1192 3737 exile
1208 3684 1237 3738 st
1256 3686 1342 3740 tenue
1362 3685 1406 3738 est
1425 3678 1461 3738 ad

292 3784 417 3843 salutem
430 3798 514 3843 omne
528 3784 613 3860 illud,
636 3783 776 3859 quidquid
790 3784 897 3843 nostris
915 3781 1051 3858 operibus
1071 3780 1184 3845 efficere
1204 3801 1364 3861 possumus.
1404 3784 1462 3847 Sed

293 3888 427 3948 cbristus
440 3890 488 3949 bic
502 3889 606 3950 docere
620 3891 724 3966 voluit,
741 3890 885 3965 quomodo
900 3906 953 3949 nos
968 3906 1037 3965 erga
1052 3892 1196 3965 proximos
1211 3895 1326 3951 nostros
1346 3907 1460 3966 gerere·

291 4011 356 4055 mus
370 3999 426 4055 etc.
455 3996 496 4055 Et
510 3997 580 4071 quid
604 3998 642 4056 sit
665 3997 741 4071 quod
760 3998 897 4071 seriptum
916 4001 973 4057 est:
1000 3996 1246 4057 <Misericordiam
1267 3996 1332 4059 volo
1356 4003 1385 4059 et
1405 4014 1462 4057 non

291 4100 495 4161 sacrificium.»
527 4100 592 4161 Hoc
605 4103 670 4162 loco
684 4107 780 4163 autem
794 4102 979 4162 concionator
995 4102 1064 4176 quid
1078 4102 1274 4165 miseriomdia
1289 4106 1339 4178 sit,
1356 4104 1463 4165 diserte

290 4207 391 4267 docuit
404 4211 435 4266 et
448 4207 500 4281 gui
514 4221 551 4267 ea
564 4209 731 4282 prestanda
745 4210 796 4283 sit,
819 4208 957 4281 adjiciens
972 4212 1036 4267 non'
1049 4209 1140 4267 solum
1162 4208 1387 4268 misericordiam
1405 4209 1463 4269 dici

291 4312 373 4387 quod
386 4311 519 4373 mendico
533 4314 707 4387 aut'petsnti
728 4315 832 4389 stipem
852 4318 903 4372 aut
922 4329 1068 4374 nummum
1089 4313 1223 4387 largiaris
1243 4319 1295 4373 aut
1313 4314 1397 4373 amici
1416 4315 1462 4374 vei

282 4420 463 4495 ‘aegrotantis
477 4420 524 4480 vel
537 4416 637 4479 afflicti
651 4420 741 4479 vicem
755 4419 863 4495 doleas,
879 4419 911 4480 id
927 4419 1002 4479 enim
1014 4424 1088 4479 teste
1103 4417 1216 4478 Christo
1231 4420 1319 4478 etiam
1334 4420 1462 4480 ethnicos

291 4524 399 4584 tacere.
431 4524 488 4595 Sed
502 4525 533 4584 id
552 4540 616 4584 esso
635 4525 860 4585 misericordiam
879 4526 954 4585 sicut
975 4530 1059 4599 pater
1078 4523 1203 4583 coelestis
1224 4524 1385 4584 misericors
1408 4532 1461 4601 est,

291 4632 344 4707 qui
359 4631 450 4690 solem
463 4646 548 4689 suum
567 4630 735 4690 admirabile
756 4632 828 4694 illud
849 4635 945 4692 lumen
966 4636 996 4690 st
1015 4631 1098 4690 bonis
1118 4635 1147 4689 et
1166 4630 1249 4689 malis
1269 4631 1364 4691 lucare
1384 4634 1461 4714 sinit,

291 4737 343 4809 qni
364 4736 397 4794 in
416 4752 487 4810 agro
507 4734 629 4796 bominis
647 4737 774 4797 nmenns
800 4738 886 4798 deum
907 4741 1020 4811 segetes
1043 4714 1172 4797 crescere
1192 4742 1222 4797 et
1245 4738 1274 4797 in
1294 4754 1364 4813 agro
1384 4740 1462 4799 atbci

292 4856 378 4917 mque
391 4838 507 4931 micus
517 4841 666 4902 uberiores
681 4841 733 4901 dat
747 4847 801 4903 stc.
832 4842 873 4902 Ut
886 4842 962 4903 idem
976 4841 1031 4903 boc
1044 4842 1140 4902 multis
1161 4842 1196 4903 de
1215 4840 1392 4918 benignitate
1415 4844 1462 4905 dei
