3700 5692
983 746 1027 811 94

421 932 474 990 bus
488 938 518 989 et
537 933 647 991 caeteris
663 931 784 989 statibus
804 932 925 1004 imperii,
951 936 982 988 ut
1002 944 1036 989 co
1056 930 1150 989 animo
1165 930 1228 1003 hoc,
1254 944 1310 1003 quo
1332 928 1428 989 Oaesar
1441 926 1504 988 illud
1516 944 1572 989 ccu-

421 1036 507 1093 scribi
526 1037 669 1110 statuerit,
694 1037 851 1111 suscipiant
871 1040 900 1095 et
917 1037 1001 1108 juxta
1022 1035 1136 1094 interim
1158 1021 1238 1093 illius
1257 1036 1440 1110 praescripta,
1462 1050 1519 1109 qua
1535 1050 1573 1093 re-

421 1141 555 1213 ligionem
576 1146 761 1214 concernunt,
784 1140 938 1199 observent
958 1146 986 1199 ct
1000 1140 1044 1200 'ad
1064 1138 1149 1213 hujus
1171 1156 1299 1201 normam
1320 1157 1386 1200 suos
1409 1142 1500 1200 viuere
1519 1156 1574 1213 pro·

421 1252 522 1305 curent
544 1262 634 1319 usque
657 1246 694 1305 ad
723 1243 849 1305 futurum
877 1246 1027 1307 concilium
1057 1247 1185 1319 proxime
1212 1244 1403 1307 indicandum.
1447 1246 1575 1305 Electcres

421 1350 517 1411 habito
533 1351 650 1410 consilio
666 1354 774 1425 gratias
788 1353 956 1425 imperatori
975 1366 1028 1425 pro
1049 1366 1100 1409 sua
1120 1350 1271 1411 clementia
1290 1356 1421 1427 egerunt,
1444 1351 1576 1411 laudantes

420 1473 546 1515 amorem
560 1458 650 1531 ipsius
664 1458 694 1515 in
710 1473 885 1517 communem
906 1458 1039 1530 patriam,
1063 1462 1092 1515 et
1112 1460 1145 1515 ut
1164 1458 1358 1517 communibus
1377 1454 1519 1517 ordinibus
1532 1458 1574 1515 im·

421 1564 493 1634 perii
507 1563 562 1621 hoc
576 1562 773 1637 Mpartiretur
793 1567 941 1637 rogarunt.
980 1562 1044 1621 Erit
1064 1568 1157 1621 autem
1179 1562 1263 1636 hujns
1282 1562 1412 1622 historiae
1432 1566 1507 1623 actus
1520 1562 1575 1621 aliti

421 1666 633 1726 describendus.
1083 1666 1086 1671 '

470 1754 482 1765 ’
509 1772 617 1831 Eadem
633 1771 822 1847 wolfgangus
842 1773 989 1833 Masculus
1009 1775 1072 1833 loco
1093 1781 1122 1834 et
1140 1780 1268 1851 tempore
1289 1781 1426 1861 connsueto
1441 1775 1572 1834 conciona-

421 1884 468 1936 tus
489 1884 533 1937 est
552 1894 587 1936 ex
608 1893 669 1950 cap.
690 1879 729 1935 15
749 1878 869 1938 loannis
885 1880 1077 1953 evangelistas,
1102 1880 1233 1939 nimirum
1249 1879 1286 1939 de
1305 1880 1348 1939 his
1363 1880 1460 1939 serbis
1475 1878 1577 1939 domini:

422 1974 560 2042 ¹«Monate
574 1984 605 2041 in
620 1998 665 2041 me
680 1987 709 2041 et
724 1998 777 2057 ego
793 1985 823 2043 in
838 1986 927 2045 vobis.
960 1986 1039 2045 Sicut
1054 1986 1162 2060 palmes
1183 2001 1240 2044 non
1260 1990 1357 2060 potest
1376 1982 1455 2045 ferre
1474 1982 1578 2043 imum

421 2088 614 2162 asemetipso,
639 2090 694 2147 nisi
714 2091 851 2149 manserit
870 2092 899 2149 in
919 2092 988 2164 uite,
1012 2092 1053 2150 sic
1072 2106 1124 2150 nec
1144 2106 1203 2165 vos,
1226 2091 1284 2149 nisi
1305 2092 1335 2149 in
1358 2108 1404 2149 me
1427 2088 1578 2161 manseritis.

421 2194 484 2267 Ego
500 2210 561 2252 sum
577 2195 651 2266 vitis,
675 2210 726 2254 vos
746 2196 884 2268 palmites.
917 2196 972 2269 Qui
993 2201 1090 2257 manet
1111 2197 1140 2255 in
1162 2212 1207 2254 me
1229 2201 1258 2254 et
1279 2212 1333 2270 ego
1354 2196 1384 2254 in
1407 2212 1450 2269 eo,
1474 2193 1516 2251 hic
1534 2191 1579 2249 lert

421 2297 692 2371 fructum‘mnltum,
717 2301 784 2374 quia
798 2301 861 2360 sine
879 2317 924 2359 me
948 2300 1018 2360 nihil
1034 2303 1153 2376 potestis
1174 2301 1290 2385 iacere«
1315 2307 1368 2360 sto.
1408 2298 1517 2373 Duplex
1537 2302 1578 2367 est,

319 2435 321 2438 -
422 2404 523 2478 inquit,
547 2403 653 2463 adunio
669 2406 728 2463 sire
744 2406 915 2480 conjunctio,
940 2422 997 2465 una
1013 2412 1065 2480 est,
1091 2424 1147 2481 qua
1163 2400 1398 2480 conglutinantur
1412 2406 1579 2479 magistratus

423 2515 452 2568 et
467 2508 581 2569 subditi.
612 2509 801 2584 Magistratus
820 2513 915 2585 potest
934 2512 1028 2571 dicere
1050 2511 1177 2572 subdito:
1201 2510 1289 2571 Mene
1311 2512 1364 2571 sub
1379 2528 1438 2583 me3
1463 2509 1593 2582 magister·

422 2614 572 2688 discipulo:
597 2614 683 2674 Mane
704 2616 757 2674 sub
775 2632 833 2686 me;
858 2617 977 2676 maritus
992 2616 1029 2676 ad
1044 2632 1172 2689 uxorem,
1197 2632 1385 2700 mauepenes
1402 2630 1447 2675 ma
1460 2615 1503 2673 rel
1516 2610 1579 2686 apud

421 2735 475 2777 me.
512 2719 597 2778 Prior
612 2724 707 2779 autem
726 2721 932 2796 conglutinatio
952 2738 1009 2781 non
1031 2726 1076 2782 est
1095 2726 1247 2797 perpetua,
1272 2724 1340 2795 quia
1361 2720 1513 2795 discipulus
1534 2732 1579 2775 non

421 2824 508 2884 habet
521 2841 593 2899 opus
608 2842 722 2901 semper
736 2827 814 2901 apud
830 2829 998 2902 magistrum
1013 2842 1190 2903 permanere,
1206 2826 1256 2887 sed
1273 2826 1374 2887 saltem
1391 2827 1482 2888 donec
1496 2825 1579 2885 literas

421 2930 602 2991 addidicerit.
633 2930 705 2989 Item
720 2932 914 2993 mechanicam
929 2932 1081 2993 addiscens
1096 2938 1187 2993 amem
1207 2948 1264 2993 non
1284 2948 1399 3008 semper
1419 2932 1516 2993 codem
1530 2928 1578 3002 opi-

360 3018 362 3024 ’
422 3036 467 3095 fici
490 3037 638 3097 adherere
661 3039 786 3112 cogitur,
810 3038 862 3098 sed
882 3042 978 3112 potest
1000 3043 1029 3097 et
1050 3037 1205 3113 aliquando
1226 3036 1287 3111 ipse
1308 3039 1379 3097 artis
1404 3054 1462 3097 suae
1484 3032 1579 3109 experi-

420 3146 546 3202 mentum
566 3141 670 3201 iacere.
708 3143 808 3204 Altera
830 3150 925 3203 autem
946 3144 1052 3203 adonio
1073 3143 1229 3225 spiritualis
1251 3148 1295 3203 set
1315 3151 1344 3204 et
1364 3146 1487 3216 interna,
1509 3145 1536 3199 et
1551 3136 1579 3195 dc

421 3245 481 3313 hac
498 3245 628 3307 Christus
651 3247 697 3307 hic
717 3250 855 3321 loquitur:
879 3247 1048 3307 Manetein
1070 3264 1130 3321 me,
1154 3254 1183 3307 at
1206 3264 1260 3323 ego
1282 3250 1311 3318 in
1335 3250 1426 3309 vobis.
1467 3248 1512 3307 Sic
1533 3260 1580 3303 non

421 3353 547 3425 loquitur
562 3369 646 3427 papa,
670 3353 735 3412 sed:
758 3352 875 3413 Manete
895 3354 949 3413 sub
970 3371 1014 3413 me
1031 3360 1084 3413 etc.
1116 3353 1155 3412 Et
1169 3355 1210 3412 sic
1224 3351 1400 3428 pontificiam
1416 3349 1578 3427 tyrinniden

422 3457 551 3517 nonnihil
573 3459 710 3533 detegens
725 3458 864 3531 ejusmodi
879 3460 1003 3518 sermoni
1023 3456 1197 3534 aliquamdiu
1211 3459 1392 3519 immoratus·
1409 3466 1462 3519 est.
1491 3455 1580 3531 Aiebat
1638 3476 1639 3511 l

421 3567 526 3635 eutem,
550 3568 657 3639 prater
671 3563 745 3622 hanc
759 3563 871 3623 unicam
890 3563 969 3623 nulla
989 3570 1032 3625 est
1052 3564 1211 3625 conmrdioe
1232 3564 1288 3637 via,
1313 3564 1422 3623 scilicet
1437 3571 1469 3625 ut
1481 3572 1579 3621 manea·
1638 3568 1639 3581 ³

421 3670 528 3726 masin
543 3666 657 3728 Christo
678 3673 708 3727 et
728 3668 776 3727 illc
798 3671 828 3729 in
851 3670 942 3729 nobis.
980 3669 1018 3729 Et
1038 3668 1166 3745 proiecto
1189 3685 1420 3743 supervacaneus
1441 3664 1578 3735 estiatur,

422 3777 454 3831 ut
472 3772 503 3830 in
523 3774 698 3833 ceremoniis
719 3780 749 3833 ct
767 3773 933 3850 adiaphoris
953 3780 1162 3849 conveniamus,
1187 3784 1301 3835 causam
1319 3773 1530 3848 justificationis
1545 3771 1579 3828 in·

421 3876 506 3935 terim
525 3874 773 3953 floccipendentes.
811 3879 894 3953 flac,
918 3881 1047 3955 inquam,
1072 3880 1147 3943 foret
1165 3882 1203 3941 ad
1223 3882 1405 3943 concordiam
1427 3885 1487 3955 via,
1509 3882 1579 3938 sicr

421 3980 562 4041 clesiastae
583 3982 678 4043 idonei
702 3988 958 4059 consumerentur,
988 3991 1036 4061 qui
1060 3988 1195 4063 populum
1219 3988 1368 4060 docerent,
1400 3984 1536 4061 quomodo
1554 3981 1578 4039 iu
1638 3996 1639 4001 ¹

423 4084 536 4146 cunco
559 4088 717 4159 odiremur,
748 4094 778 4147 et
798 4096 858 4149 turn
880 4092 1055 4165 cogIteretur
1079 4094 1115 4151 de
1137 4092 1298 4152 hominibus
1321 4092 1409 4152 adid
1432 4094 1518 4167 aptis,
1538 4083 1578 4159 qui
1638 4142 1639 4145 ,

422 4208 473 4251 nos
487 4194 842 4254 invicemreconciliarent
856 4201 909 4255 etc.
943 4196 1025 4269 Quod
1041 4193 1172 4257 Christus
1187 4198 1273 4257 dixit:
1297 4198 1417 4257 Manete
1432 4199 1461 4257 in
1475 4212 1525 4269 me,
1540 4206 1579 4251 ex·

258 4278 265 4291 ’
306 4298 322 4309 “’
421 4297 592 4359 hortationis
612 4314 705 4359 sermo
726 4305 798 4374 erat,
822 4316 879 4377 quo
893 4299 951 4361 illis
965 4302 994 4360 in
1016 4308 1138 4363 mentam
1158 4306 1277 4378 veniret,
1303 4320 1366 4378 quae
1386 4304 1466 4379 prius
1486 4300 1521 4361 cd
1537 4310 1578 4356 eos

421 4403 541 4491 dixerm.
579 4404 660 4477 Quod
679 4412 774 4466 autem
796 4408 847 4467 ait:
871 4406 911 4465 Et
932 4422 986 4482 ego
1006 4410 1036 4469 in
1057 4410 1150 4483 vobis,
1172 4410 1323 4485 promissio
1344 4416 1416 4470 erat.
1451 4403 1579 4480 Allogadt

422 4493 489 4570 uero
504 4511 651 4571 Masculus
671 4513 781 4588 adauct
801 4514 954 4587 Augustini
976 4514 1054 4573 locos
1074 4514 1110 4574 de
1130 4515 1222 4575 libero
1242 4516 1362 4577 arbitrio
1381 4515 1419 4575 ad
1441 4514 1514 4573 hunc
1526 4524 1577 4569 sen·

421 4630 483 4674 sum
497 4612 643 4677 facientes.
674 4617 841 4693 Opportune
856 4622 951 4677 autem
966 4620 1098 4695 palmites
1113 4622 1144 4679 in
1159 4620 1217 4679 vite
1232 4634 1359 4695 manere,
1375 4622 1456 4694 uras,
1472 4621 1494 4678 si
1508 4621 1577 4676 extra

421 4720 507 4779 sitem
533 4722 720 4797 luxuriarint,
750 4740 799 4783 eos
826 4727 982 4798 amputari,
1013 4725 1108 4799 colligi
1138 4732 1176 4786 et'
1193 4725 1417 4785 concremandos
1444 4727 1475 4783 in
1495 4724 1576 4797 iguem

422 4822 540 4897 pratici..
570 4827 603 4884 ln
617 4844 672 4899 me,
695 4830 797 4902 lnquit,
822 4828 961 4903 Christm,
987 4832 1096 4893 scilicet
1110 4848 1168 4892 uuo
1183 4848 1237 4907 me,
1260 4849 1327 4891 nam
1341 4832 1448 4892 diuisus
1464 4846 1517 4889 non
1531 4828 1575 4891 ost,
1638 4878 1639 4883 η
