3700 5692
848 730 911 799 ie!

289 923 332 984 ier
346 919 491 983 aleaume
505 926 560 994 eat,
579 932 702 997 quorum
716 914 778 981 tere
792 915 894 980 eadem
908 922 939 978 et
953 931 1012 977 sna
1027 921 1089 979 erat
1105 916 1258 991 amtentia
1280 921 1411 979 metuere
1425 934 1467 994 se,

293 1029 500 1103 inperatorem
514 1026 552 1089 de
565 1027 699 1102 inposita
712 1023 783 1085 mihi
796 1038 908 1085 summa
921 1021 993 1082 nihil
1007 1022 1202 1083 mintuiturum.
1234 1021 1310 1095 Quin
1325 1029 1355 1083 et
1368 1024 1470 1087 doctor

290 1132 371 1195 Haeo
384 1132 574 1195 Atrebatemi
595 1148 643 1193 me
666 1148 724 1193 non
740 1130 804 1191 -nisi
823 1134 958 1205 quartam
981 1133 1097 1207 partem¹
1113 1128 1265 1189 comitatus
1285 1133 1315 1189 et
1338 1146 1401 1191 eam
1415 1148 1469 1207 per

290 1253 444 1301 nouercam
464 1240 581 1315 egregie
602 1239 824 1315 oppignoratam
841 1235 913 1295 mihi
935 1235 1027 1297 solam
1046 1234 1187 1309 reliquam
1202 1250 1266 1295 esse
1279 1234 1466 1299 indicaverat.

289 1345 436 1407 biretam
455 1360 570 1420 quoque
590 1342 763 1415 nomiliarii,
787 1357 940 1416 ammam,
969 1355 1055 1415 quam
1081 1340 1138 1415 ipsi
1159 1340 1243 1401 nobis
1266 1342 1465 1415 imposuerint,

288 1452 382 1513 multo
396 1448 626 1513 tolerabiliorem
639 1464 713 1509 esse.
736 1448 844 1509 Verum
858 1446 924 1507 illos
939 1446 1013 1505 dam
1027 1460 1090 1505 esse
1106 1462 1163 1521 quo
1172 1445 1218 1506 vel
1232 1446 1401 1523 instigatore
1415 1454 1467 1509 aut

201 1535 202 1538 ¹
291 1535 1463 1631 quamnamoboausamoesarpersesnmmamtaminiquamameexiguret,

289 1676 357 1723 nam
371 1660 509 1736 quicquid
523 1665 668 1735 ageretm,
683 1660 715 1721 id
728 1674 865 1722 cesarem
884 1658 1047 1733 inproprie
1061 1672 1184 1732 persona
1199 1659 1343 1723 statuisse.
1381 1652 1464 1722 adde

288 1766 367 1845 quod
380 1766 493 1842 Viglius
513 1782 574 1841 pre
594 1766 700 1827 ceteris
722 1765 895 1827 mentionem
908 1764 966 1824 mei
980 1760 1105 1825 iaciebat
1124 1767 1153 1823 et
1171 1779 1218 1823 me
1238 1779 1299 1839 pras
1314 1766 1418 1827 maris
1433 1766 1464 1827 iu

287 1872 393 1933 militie
404 1868 585 1933 infestiorem
597 1872 699 1933 aaran
713 1870 881 1933 ostendisse.

378 1976 558 2040 colomensis
573 1977 675 2039 eadem
689 1992 825 2038 marem
845 1976 919 2039 adiit
938 1974 1081 2050 pollicitus
1095 1990 1127 2035 se
1141 1977 1234 2037 nostri
1248 1976 1326 2051 apud
1341 1979 1462 2040 eundem

289 2084 466 2147 mentionem
479 2081 631 2159 iacturum,
646 2083 725 2159 qnod
738 2083 826 2143 etiam
839 2082 936 2145 credo.
1002 2078 1005 2084 '

376 2189 456 2251 Dum
468 2190 627 2252 Smuelam
641 2188 824 2265 deducerm
838 2203 933 2249 comes
948 2204 967 2248 a
980 2186 1096 2249 Nasum
1109 2202 1162 2261 per
1176 2202 1297 2262 puerum
1311 2202 1394 2249 suum
1407 2204 1461 2251 nes

284 2295 422 2359 moersiri
432 2296 569 2370 jusserat.

374 2418 414 2463 xv
427 2402 509 2463 Junii
522 2402 550 2463 d.
565 2399 754 2478 wolfgangus
761 2400 910 2461 Masculus
924 2401 987 2460 hssc
1001 2400 1089 2462 verba
1104 2400 1175 2476 legit
1189 2416 1226 2460 ex
1240 2415 1301 2476 cap.
1320 2400 1361 2459 15
1370 2398 1459 2461 Josn·

286 2509 345 2569 nia:
363 2506 417 2569 »Si
430 2507 468 2569 de
481 2507 589 2571 mundo
601 2505 738 2582 inissetis,
753 2508 878 2568 mundus
892 2507 971 2581 quod
985 2521 1066 2566 suum
1081 2512 1125 2567 est
1139 2505 1287 2582 diligeret,
1303 2507 1371 2581 quia
1389 2522 1458 2568 vero

285 2614 324 2675 da
345 2612 455 2675 mundo
475 2628 535 2675 non
554 2615 639 2689 estis,
661 2614 715 2675 sed
734 2629 789 2689 ego
809 2614 884 2689 elegi
902 2628 955 2673 uos
969 2613 1006 2675 de
1020 2611 1141 2687 mundo,
1162 2616 1318 2689 propterea
1331 2626 1383 2673 uos
1397 2612 1460 2675 odit

284 2710 430 2781 mundus«
440 2724 495 2781 etc.
517 2719 574 2781 Hic
586 2721 628 2781 ait
641 2720 786 2795 quomodo
797 2718 927 2781 Christus
942 2720 1032 2795 priori
1042 2724 1211 2795 argumento
1227 2717 1381 2795 discipulos
1395 2736 1456 2781 mo·

285 2827 393 2899 uomit,
407 2830 441 2888 ut
458 2826 646 2901 respitientes
665 2827 823 2901 dominum
843 2826 988 2900 quomodo
1002 2827 1065 2903 ipse
1089 2824 1232 2887 amando
1252 2830 1388 2903 exceptus
1409 2828 1456 2901 sit,

285 2947 323 2991 ne
336 2944 406 2991 mox
419 2930 515 2992 animo
530 2936 795 3008 consternarentur,
810 2932 926 2995 ritorto
940 2933 1008 2995 odiu
1021 2932 1164 2993 mundi-in
1179 2933 1372 2995 assenserint.
1394 2934 1457 2995 Nec

285 3037 362 3097 enirn
375 3034 513 3099 mondum
536 3043 703 3113 acceptores
724 3039 771 3100 sel
791 3045 952 3101 assertores
976 3039 1108 3101 remittis
1129 3038 1215 3101 aliter
1238 3040 1283 3099 vel
1298 3041 1457 3114 suscepisse

284 3142 331 3205 vel
343 3141 468 3218 posthac
477 3148 685 3218 -susoepturum
699 3158 771 3205 esse.
809 3142 927 3219 Magna
949 3148 1046 3205 autem
1060 3144 1249 3222 consolationi
1265 3146 1347 3207 nobis
1362 3151 1416 3220 est,
1431 3147 1456 3207 si

284 3250 407 3311 mamus
421 3248 567 3310 domiuum
579 3250 691 3326 ipsum,
718 3248 864 3323 apostolos
883 3254 916 3309 et
928 3250 1082 3324 prophetas
1101 3264 1159 3309 non
1173 3250 1265 3309 solum
1279 3253 1454 3325 persecutio·

284 3368 350 3417 uem
364 3370 482 3430 passos,
506 3356 559 3417 sed
577 3360 608 3415 ct
625 3354 734 3416 occiaos
753 3354 892 3415 amando
913 3360 944 3415 et
961 3354 1037 3416 hanc
1050 3356 1281 3431 persecutionem
1295 3355 1377 3415 nobis
1391 3371 1456 3417 cum

282 3462 391 3524 talrim
404 3476 469 3521 esse
483 3476 668 3523 communem.
705 3461 761 3521 Est
775 3462 852 3521 enim
871 3460 1017 3536 quiddam,
1033 3462 1059 3521 si
1073 3460 1214 3536 quispiam
1228 3460 1383 3536 singularis
1396 3461 1456 3536 pie·

279 3566 350 3628 tatis
372 3570 411 3625 et·
422 3581 538 3626 summa
560 3566 730 3627 eruditionis
751 3566 796 3625 vir
814 3565 854 3626 ad
872 3566 1016 3627 deitatem
1035 3566 1161 3642 aliquam
1179 3582 1287 3641 aroge
1309 3568 1453 3643 quopiam,

278 3673 414 3751 principe
432 3672 479 3733 uel
501 3671 648 3747 republica
661 3672 801 3746 mittatur,
824 3672 931 3745 optime
945 3671 1076 3733 consulat
1090 3676 1120 3733 et
1133 3674 1159 3732 is
1172 3684 1289 3747 'quoque
1302 3672 1370 3733 hoio
1384 3673 1452 3733 civi-

278 3779 336 3839 tati
350 3794 388 3839 ex
402 3778 499 3839 animo
513 3778 673 3839 consultmn
687 3779 775 3839 sedet
789 3782 819 3839 ct
831 3777 879 3837 hic
889 3781 987 3837 mmen
995 3778 1107 3853 legatus
1122 3794 1176 3853 pro
1191 3793 1244 3837 sua
1258 3783 1339 3839 recta
1352 3778 1452 3839 volun·

278 3889 342 3945 tate
356 3888 388 3944 et
401 3884 490 3945 tantis
498 3882 643 3944 beneddis
656 3884 783 3944 convicia
789 3888 821 3943 et
832 3884 933 3962 plagas
948 3884 1079 3960 accipiat,
1093 3884 1118 3943 si
1133 3884 1206 3945 sciat
1219 3886 1341 3947 antehac
1355 3884 1392 3947 ab
1404 3900 1452 3947 ea-

279 3990 348 4061 dem
361 3990 479 4051 civitate
491 3995 521 4051 et
529 3990 595 4050 aliis
607 3990 692 4051 bonis
706 3989 776 4051 virts
791 3988 911 4050 eandem
923 3989 1085 4079 mercedem
1098 4006 1153 4067 pro
1167 4006 1220 4051 sua
1234 3990 1378 4067 probitate
1388 3992 1454 4053 red·

279 4097 437 4158 nemen
460 4095 551 4157 aaut
564 4094 733 4157 ermerus
747 4096 868 4157 nomm
882 4078 1093 4171 ammentum:
1111 4096 1142 4157 ss
1157 4097 1193 4159 ne
1207 4098 1315 4161 munus
1328 4098 1455 4161 russeus

278 4206 335 4262 eto.
349 4201 409 4261 Hie
417 4205 512 4262 autem
519 4200 666 4262 Masculula
679 4202 774 4262 vemas
787 4202 1064 4277 qnaesdonesmovit
1076 4204 1355 4279 quomodochristus
1367 4206 1453 4281 dicat,

277 4309 304 4367 si
314 4306 467 4370 demando
478 4304 612 4381 mmseds,
624 4322 690 4367 cum
700 4308 823 4383 apostoli
835 4307 981 4370 inmundo
992 4310 1053 4369 nati
1068 4314 1098 4370 et
1111 4325 1148 4369 ex
1162 4310 1314 4371 mundanis
1328 4312 1453 4385 parenti·

277 4413 333 4475 bus
347 4413 439 4489 geniti
449 4412 517 4472 etin
527 4413 600 4487 ipso,
609 4412 701 4474 donec
711 4414 901 4474 drirobmtae
910 4414 1005 4477 etatis
1019 4413 1125 4488 terent,
1136 4412 1251 4474 educati
1266 4420 1297 4475 et
1309 4399 1453 4488 praterea

278 4520 388 4597 passim
397 4519 429 4577 in
441 4517 549 4578 mundo
560 4519 724 4579 murenae
736 4519 795 4579 sint
805 4524 860 4579 etc.
883 4520 991 4581 Verum
1004 4519 1057 4581 has
1072 4521 1243 4593 quaestiones
1257 4520 1299 4581 ita
1313 4519 1453 4596 dissolvit,

276 4634 313 4688 ut
324 4627 390 4686 luae
404 4623 440 4685 de
453 4624 558 4701 spiritu
572 4623 671 4683 muudi
685 4623 763 4685 dieta
777 4641 842 4685 esse
855 4624 1030 4687 ostenderet.
1058 4624 1134 4684 Nam
1149 4625 1263 4701 spiritui
1277 4625 1375 4685 mundi
1390 4642 1454 4685 eum

282 4731 389 4807 spiritu
402 4730 599 4807 apostolorum
612 4728 685 4790 nihil
697 4730 840 4791 convemt.
864 4729 1107 4805 Quemadmodum
1118 4731 1303 4805 etapostolus
1317 4734 1371 4793 ait:
1387 4732 1455 4795 Nou

278 4837 356 4898 enim
370 4837 521 4912 accepistis
540 4837 674 4911 spiritam
688 4836 788 4899 mundi
801 4836 887 4912 injus
901 4843 957 4931 cto.
997 4838 1122 4915 Spiritus
1137 4838 1214 4901 enim
1226 4838 1326 4903 mundi
1340 4855 1454 4917 semper
1511 4922 1513 4927 Ι
