3700 5692
931 716 994 779 152

372 894 571 961 ridebantur.'
591 901 676 958 Nunc
698 902 808 970 autem,
832 897 899 955 dum
918 879 1036 970 peccato
1055 901 1155 956 nostro
1178 902 1207 956 et
1221 896 1323 957 merito
1347 882 1531 959 subruissiores

372 1002 440 1064 iacti
460 998 548 1063 simus
568 1005 604 1064 et*
616 999 687 1063 erun
707 1003 793 1076 adsit,
817 1006 921 1075 quotus
944 1006 987 1060 est
1007 1001 1056 1074 qui
1076 1018 1133 1061 non
1154 1018 1172 1060 a
1191 1002 1273 1061 nobis
1288 1002 1416 1061 resiliat?
1451 1002 1533 1075 Quam

371 1100 456 1169 rarus
477 1115 534 1181 est,
559 1110 607 1181 qui
627 1110 673 1168 rel
694 1108 923 1167 concionatorem
944 1104 1032 1165 affatu
1055 1104 1209 1180 dignetur?
1244 1106 1301 1167 Sed
1318 1106 1381 1165 haec
1402 1105 1485 1181 fiunt,
1505 1113 1534 1167 ut

371 1215 468 1289 palam
486 1211 552 1288 fiat,
576 1230 644 1273 num
663 1229 731 1272 vere
753 1218 783 1271 et
804 1228 839 1270 ex
862 1212 957 1270 auimo
978 1215 1077 1269 nostra
1098 1212 1213 1271 nomina
1235 1212 1350 1270 veritati
1372 1211 1533 1285 dederimus,

372 1320 455 1378 amici
471 1318 578 1377 Christi
592 1320 680 1376 simus
696 1324 726 1376 et
740 1320 885 1392 praecepta
900 1316 961 1389 ejus
977 1316 1051 1376 serio
1067 1332 1183 1375 servare
1198 1316 1380 1389 voluerimus,
1395 1324 1446 1375 ant
1459 1318 1535 1375 simu·

370 1424 478 1484 latores
486 1417 538 1482 'vel
553 1424 710 1496 hypocritae
724 1411 821 1493 simus,
830 1420 865 1480 de
882 1420 984 1495 quibus
1000 1422 1041 1480 ait
1056 1420 1083 1479 d.
1101 1420 1217 1480 Tobiae:
1236 1421 1323 1481 «Non
1336 1422 1535 1496 contemplatur

370 1529 480 1591 vultum
493 1534 573 1587 tuum
588 1528 680 1585 omnis
694 1525 874 1598 hypocrita«
899 1526 940 1585 Et
957 1524 1013 1584 hoc
1027 1530 1072 1585 est
1086 1524 1164 1598 quod
1178 1526 1356 1599 evangeHsta
1372 1527 1452 1585 dicit:
1470 1527 1537 1598 «Qui

371 1632 441 1691 dicit
454 1647 487 1690 se
506 1647 662 1706 agnoscere
681 1630 835 1704 Christum,
860 1636 890 1689 et
908 1635 1054 1704 praecepta
1075 1630 1135 1703 ejus
1156 1646 1214 1688 non
1233 1634 1339 1704 servat,
1363 1631 1486 1689 mendax
1499 1637 1538 1689 est

371 1742 402 1796 et
411 1731 473 1795 'non
485 1740 529 1795 est
542 1737 572 1793 in
586 1734 771 1794 aaronitas«
795 1736 851 1793 Hic
865 1751 979 1808 quoque
994 1751 1080 1808 quam
1094 1735 1122 1794 d.
1133 1734 1281 1795 Musculus
1295 1737 1417 1796 subinde
1432 1730 1537 1795 morer'e

370 1831 445 1901 solet
466 1840 667 1914 quaestionem,
689 1840 765 1897 hanc
787 1841 896 1898 scilicet
917 1841 1020 1898 movit:
1043 1840 1083 1899 Et
1104 1840 1152 1912 qni
1175 1857 1227 1914 ego
1250 1842 1337 1898 miser
1359 1848 1389 1900 et
1413 1820 1538 1915 peccator

369 1960 487 2021 possam
500 1960 617 2004 servare
631 1951 777 2019 praecepta
793 1943 923 2003 Christi?
952 1944 1113 2019 Respondit
1131 1944 1178 2003 hic
1191 1945 1268 2004 idem
1290 1946 1369 2018 qnod
1382 1946 1537 2004 Musonius:

370 2050 510 2126 Praepara
531 2067 582 2110 cor
603 2056 684 2109 tuum
705 2049 833 2123 domino,
855 2050 928 2109 velie
952 2030 981 2109 et
1003 2050 1099 2124 cupias
1123 2066 1159 2107 ex
1181 2052 1276 2109 auimo
1300 2050 1341 2109 illi
1360 2052 1392 2109 in
1417 2052 1539 2111 omuibus

370 2154 498 2230 obedire,
515 2162 546 2216 et
559 2157 658 2214 conari
673 2172 726 2229 pro
741 2170 826 2230 posse
841 2158 893 2213 est.
917 2152 998 2212 Deus
1013 2170 1065 2227 per
1080 2158 1109 2213 et
1124 2160 1242 2229 propter
1259 2154 1405 2214 Christum
1425 2154 1477 2214 tihi
1490 2154 1541 2213 hoc
1637 2190 1638 2201 κ

370 2250 409 2321 ad
429 2261 622 2334 impletionem
642 2259 800 2333 reputabit,
826 2258 902 2332 quod
924 2276 959 2317 ex
983 2260 1090 2318 intimis
1111 2260 1267 2320 visceribus
1288 2267 1317 2321 et
1341 2260 1418 2320 velle
1442 2276 1541 2335 cupere
1638 2272 1639 2297 ³

370 2364 453 2434 nobis
468 2364 559 2423 dulcis
572 2364 623 2423 ille
636 2365 721 2424 Jesus
735 2365 836 2438 largiri
850 2364 993 2437 dignetur.
1024 2364 1125 2422 Amen.

458 2469 569 2529 Eadem
591 2470 659 2529 dum
680 2470 826 2529 nobiscum
848 2470 999 2527 statuimus
1021 2466 1153 2527 comitia
1174 2468 1289 2528 Nassau
1310 2470 1541 2543 capitulationem

371 2576 450 2636 illam
464 2574 503 2634 ad
517 2574 668 2649 legendum
684 2574 828 2648 exhibere,
845 2578 1006 2648 opportune
1021 2572 1164 2646 Massgrel
1178 2590 1231 2632 nos
1247 2573 1285 2631 ad
1299 2576 1436 2633 comitem
1450 2576 1542 2633 venire

354 2660 357 2665 ⁵
368 2679 472 2753 jubens
487 2678 570 2737 nobis
584 2678 618 2738 fit
633 2678 754 2739 obviam.
791 2681 946 2739 Venientes
969 2684 1064 2736 autem
1085 2677 1274 2737 adeomitem
1298 2694 1315 2736 a
1335 2679 1453 2737 Nassau
1475 2680 1542 2738 Wil-

370 2778 494 2843 helmum
509 2784 639 2841 comitem
654 2799 673 2842 a
689 2784 879 2857 Witgenstein
894 2784 999 2843 ibidem
1015 2783 1238 2855 reperiebamus.
1269 2782 1440 2842 Consultum
1460 2786 1543 2858 igitur

355 2888 467 2948 *comiti
486 2890 633 2949 aNassau
652 2890 743 2947 visum
766 2894 810 2947 est
826 2888 1003 2961 Jentaculom
1024 2902 1137 2945 sumere
1158 2892 1187 2945 et
1208 2886 1408 2947 Coloniensem
1431 2890 1463 2971 in
1482 2905 1543 2947 arce

371 2986 517 3051 V'elberck
535 2992 631 3067 adire,
655 2986 813 3067 periculum
835 2993 954 3066 facturi,
978 3010 1017 3051 an
1033 2993 1094 3065 jam
1114 2992 1202 3052 tertio
1223 2992 1302 3067 apud
1324 2991 1543 3054 Atrebatensem

371 3113 459 3171 agere
482 3099 565 3172 velit,
589 3098 614 3155 si
637 3113 771 3156 numerus
792 3100 880 3157 minui
901 3103 1009 3173 posset.
1047 3096 1198 3155 Paruimus
1220 3098 1308 3169 igitur
1335 3097 1429 3171 ipsius
1456 3098 1544 3158 consi-

371 3201 412 3262 lio
433 3201 568 3263 aecum
589 3202 725 3260 decimam
745 3202 1000 3262 antemeridianam
1021 3217 1054 3261 eo
1082 3202 1228 3259 venientes
1250 3202 1499 3277 archiepiscopum
1517 3204 1545 3261 in

371 3306 713 3380 adaequabimur
732 3313 848 3382 pontem
867 3309 942 3367 arcis
962 3308 1108 3367 sedentem
1128 3290 1296 3381 invenimus,
1322 3308 1372 3380 qui
1392 3314 1544 3382 conspecto

371 3413 474 3472 comite
488 3411 641 3471 Wilhelmo
657 3411 697 3469 illi
715 3413 827 3471 obviam
842 3414 984 3486 processit
998 3412 1079 3470 nobis
1101 3429 1214 3484 quoque
1233 3413 1363 3471 denham
1382 3415 1544 3487 porrigens.

371 3516 465 3575 Erant
479 3516 509 3574 in
525 3517 661 3576 comitatu
676 3516 821 3575 Wilhelmi
837 3518 947 3576 comitis
963 3517 1046 3575 Vitus
1061 3533 1079 3575 a
1093 3515 1253 3590 Veldtburg
1268 3522 1399 3590 satrapas
1414 3519 1447 3577 in
1459 3518 1544 3577 Vian·

370 3612 428 3681 (len
443 3625 473 3682 et
487 3621 649 3695 Stephanus
663 3622 789 3680 medicus
804 3640 822 3681 a
836 3622 960 3694 Bredaa,
984 3620 1154 3679 Wilhelmus
1174 3636 1192 3679 a
1207 3620 1410 3695 Witgenstein·
1421 3628 1452 3681 et
1467 3623 1544 3681 Wol-

370 3715 459 3786 radus
473 3726 549 3800 apud
564 3728 809 3801 archiepiscopum
821 3732 928 3799 praeter
939 3726 1064 3797 reliquos
1078 3724 1184 3783 aulicos
1194 3725 1262 3784 Otto
1276 3742 1370 3785 eomes
1382 3728 1544 3787 aSchaum·

371 3828 456 3904 burg,
472 3846 624 3904 germanus
639 3833 765 3907 episcopi
779 3831 879 3903 frater,
888 3831 1029 3889 Ernestus
1045 3834 1074 3887 et
1088 3828 1275 3888 Eberhardus
1287 3832 1405 3891 comites
1418 3833 1544 3904 aSolms,

371 3934 469 3993 Simon
489 3952 507 3993 a
525 3936 631 4009 Lippia
651 3952 745 3994 comes
766 3952 800 3993 ac
815 3934 915 3993 doctor
936 3936 1034 3995 Simon
1057 3934 1093 3993 de
1114 3934 1279 4009 Montebur,
1304 3936 1354 4009 qui
1373 3936 1545 3995 Treverensi

372 4026 505 4113 episcopo
520 4054 538 4097 a
551 4038 698 4097 medicinis
714 4044 766 4112 est,
790 4045 880 4099 erant.
911 4038 983 4098 Mox
997 4040 1085 4113 igitur
1104 4056 1203 4098 mensa
1221 4019 1362 4113 apparata
1383 4046 1412 4098 et
1427 4042 1545 4115 opipare

371 4158 508 4217 pransum
524 4148 576 4216 est,
600 4144 831 4218 archiepiscopus
846 4161 877 4203 se
891 4143 998 4203 ibidem
1013 4144 1098 4217 longe
1113 4144 1209 4218 alium,
1231 4162 1316 4217 quam
1331 4144 1472 4219 Augusta
1488 4142 1545 4203 fue

371 4254 428 4322 rat,
451 4246 584 4323 praebuit'.
622 4248 747 4322 Rogavit
766 4265 879 4322 quoque
899 4254 933 4307 ut
952 4248 1122 4307 Wilhelmus
1143 4264 1237 4308 comes
1260 4252 1289 4307 et
1309 4266 1361 4309 uos
1381 4250 1474 4309 ceteri
1488 4264 1543 4308 coe·

371 4368 438 4411 nam
453 4370 567 4427 qnoque
582 4370 644 4412 cnm
659 4355 722 4429 ipso
738 4368 924 4428 sumeremus,
947 4354 978 4411 in
993 4370 1050 4427 quo
1068 4354 1111 4412 illi
1132 4370 1241 4413 morem
1260 4370 1313 4413 nos
1332 4370 1467 4428 gessuros
1485 4353 1546 4427 pol·

371 4441 443 4515 liciti
457 4474 565 4516 sumus.
1391 4466 1395 4471 '

383 4630 389 4636 ,
460 4560 623 4636 Aprandio
639 4564 871 4640 archiepiscopus
887 4568 970 4623 extra
985 4580 1079 4622 arcem
1099 4580 1152 4622 nos
1172 4563 1274 4623 ceteris
1293 4564 1387 4638 ipsum
1407 4563 1543 4623 comitan-

371 4664 447 4725 tibus
461 4666 492 4725 in
505 4670 631 4741 pontem,
655 4669 759 4728 deinde
773 4670 803 4725 in
817 4670 987 4741 pomoerium
1003 4674 1151 4727 seruatum
1171 4668 1239 4742 ibat,
1263 4667 1311 4727 ubi
1331 4670 1413 4742 pueri
1433 4668 1542 4741 episco-

372 4770 453 4844 pales
467 4771 666 4830 saltationibus
681 4777 710 4831 et
724 4763 912 4847 palaestrase
933 4788 1067 4832 exercere
1086 4774 1160 4846 jussi
1181 4778 1255 4833 sunt.
1294 4774 1453 4849 Episcopus
1476 4788 1543 4845 quo·
