3700 5692
289 934 394 1005 quaet
407 944 459 990 nos
474 929 614 1003 nitamur,
635 916 778 1004 iustitiam
797 926 997 988 mandatorum
1016 924 1063 988 dei
1082 942 1145 989 osse
1163 928 1295 989 stabilem
1316 936 1345 991 et
1359 946 1461 1007 perpo-

286 1044 379 1097 tnam.
418 1018 458 1095 ni
472 1036 514 1094 siu
528 1034 695 1095 erudiamur
708 1013 864 1097 a'oornino.
902 1033 997 1094 Erudi
1011 1050 1075 1109 uos,
1094 1051 1112 1095 o
1127 1035 1250 1111 domine,
1267 1042 1297 1096 et
1310 1036 1464 1110 injustitia

288 1146 340 1201 tua
356 1146 386 1201 et
400 1140 488 1201 verbo
502 1146 553 1201 tuo
568 1157 620 1200 nos
636 1157 719 1201 serva
733 1157 785 1215 per
799 1141 952 1215 ipsummet
965 1140 1044 1213 quod
1057 1156 1113 1213 pro
1123 1140 1206 1200 nobis
1217 1156 1286 1201 caro
1299 1138 1405 1201 ὶιιιιιιιι
1420 1148 1465 1201 est

288 1248 418 1321 verbum,
435 1246 579 1307 dominum
594 1251 723 1308 ausuum
737 1247 837 1307 Jesum
853 1246 1011 1321 Οιιιὶιιιιιι,
1028 1246 1162 1306 dilectum
1174 1245 1265 1306 filium
1278 1252 1368 1307 tunm.
1408 1250 1464 1321 Qui

288 1360 384 1413 tecum
397 1341 468 1412 vivit
483 1356 512 1412 et
525 1358 628 1427 regnat
647 1369 711 1413 cum
726 1356 825 1413 sancto
844 1357 895 1413 tuo
916 1353 1019 1427 spiritu
1038 1352 1109 1413 deus
1128 1354 1222 1414 minus
1236 1359 1273 1413 et
1285 1371 1360 1412 unus
1374 1354 1405 1412 in
1420 1369 1464 1413 se·

289 1460 364 1519 cula.
388 1458 489 1517 Amen.

380 1563 493 1633 Eadem¹
513 1564 628 1624 domina
641 1567 733 1623 mater
747 1564 893 1624 nobiscum
909 1566 968 1641 egit
981 1570 1015 1625 ιιι
1028 1564 1070 1625 illi
1085 1564 1229 1640 supellex,
1251 1582 1315 1639 quse
1328 1565 1414 1625 uxori
1428 1582 1465 1625 es

288 1676 396 1731 testato
411 1671 541 1746 debetur,
559 1670 597 1730 ad
611 1672 702 1746 ipsius
717 1670 804 1730 vitam
820 1672 1040 1745 relinqueretur.
1079 1670 1212 1744 Quamuis
1227 1672 1465 1745 periculumsub-

288 1794 354 1838 esse
368 1777 531 1851 videretur,
546 1776 753 1837 honestissimae
768 1782 907 1837 matronae
922 1778 953 1836 in
968 1776 1023 1835 hoc
1035 1778 1240 1836 consensimus.

380 1882 508 1942 loannes
522 1879 663 1957 Georgius
678 1871 772 1941 comes
788 1880 975 1942 aMansieldt
989 1899 1043 1957 per
1055 1883 1168 1943 litteras
1183 1886 1214 1941 et
1227 1881 1365 1941 mandata
1378 1881 1465 1940 trium

289 1987 450 2062 principum
464 1984 586 2047 fratrum
607 2002 809 2063 germanorum
830 1987 929 2061 optimi
948 1988 1087 2063 principis
1100 1988 1221 2047 loannis
1235 1986 1377 2045 Friderici
1388 1985 1464 2045 filio·

289 2110 354 2153 rum
366 2093 464 2167 jussus
480 2097 523 2153 est
537 2092 658 2152 tutelam
672 2090 797 2153 filiarum
811 2090 847 2151 de
860 2092 1078 2167 Schwartzburg
1091 2092 1155 2153 loco
1169 2091 1268 2152 botris
1282 2092 1327 2150 sui
1338 2091 1465 2165 Philippi

291 2198 420 2260 defuncti
435 2200 588 2274 suscipere.
1139 2253 1141 2257 .
1380 2177 1382 2181 ⁵

379 2300 490 2365 Eadem
510 2305 626 2365 domina
647 2309 740 2365 mater
760 2304 842 2365 nobis
862 2320 975 2364 omnem
989 2302 1194 2378 supellectilem
1207 2301 1356 2362 librariam
1370 2306 1466 2361 ostem

291 2394 347 2485 dit,
368 2426 433 2485 quae
453 2410 499 2469 vel
519 2410 630 2471 ductori
650 2407 782 2469 sufficere
796 2414 903 2483 posset.
941 2410 1001 2469 Sed
1014 2407 1084 2483 quid
1099 2409 1136 2468 de
1155 2406 1331 2482 supellectile
1344 2407 1465 2468 libraria

291 2516 400 2592 dicam,
424 2531 487 2575 cum
502 2515 613 2589 Gaspar
627 2516 729 2577 Sartor
752 2530 810 2575 non
832 2530 925 2591 pauca
943 2514 1089 2576 uolumina
1107 2514 1292 2573 classicorum
1312 2512 1465 2573 authorum

291 2621 329 2679 de
343 2620 430 2680 rebus
444 2618 512 2681 fidei
525 2622 711 2681 tractantium
725 2621 847 2695 habeat,
870 2615 944 2681 adeo
963 2636 1017 2679 noc
1034 2621 1151 2681 omnino
1170 2634 1299 2679 arnusnm
1313 2618 1465 2680 Rudelsta

292 2726 370 2786 dium
385 2729 438 2785 est.

381 2830 511 2891 Vidimus
535 2832 565 2890 in
593 2833 701 2893 chartis
729 2831 836 2893 affabre
864 2832 984 2907 depictis
1011 2830 1173 2893 nominibus
1203 2831 1290 2890 etiam
1319 2831 1465 2903 asscriptis

291 2950 390 2997 omnes
405 2952 486 2996 arces
501 2942 532 2996 et
545 2938 734 3014 municiones,
756 2956 829 3015 quas
848 2934 949 2999 rustici
968 2954 1043 2999 anno
1064 2938 1170 2999 domini
1189 2938 1273 2997 1524
1288 2940 1319 2995 et
1335 2938 1419 2995 1525
1434 2937 1465 2995 in

290 3042 418 3104 Francia
432 3044 566 3103 orientali
579 3046 626 3104 vel
641 3045 802 3119 expilarant
816 3046 862 3104 vel
877 3044 1100 3121 conflagrarent.

380 3147 507 3223 Apertus
522 3144 570 3207 hic
583 3166 682 3209 rumor
696 3156 741 3209 est
755 3154 786 3209 et
801 3166 877 3209 nunc
891 3152 1032 3225 agricolas
1047 3150 1185 3210 tumultus
1200 3151 1286 3209 ciere.
1411 3197 1413 3201 .

380 3252 409 3312 A
423 3244 541 3314 doctore
555 3254 714 3315 Melchiore
734 3256 771 3315 ab
787 3255 859 3314 Ossa
873 3254 1034 3330 accepimus
1056 3253 1158 3313 ducem
1171 3254 1339 3314 Mauritium
1353 3260 1383 3314 et
1397 3267 1465 3312 suas

292 3359 418 3420 ditiones
433 3358 557 3420 nondum
572 3360 691 3419 Interim
705 3361 777 3420 illud
790 3361 863 3421 inire
878 3362 962 3421 velle

380 3463 409 3523 A
431 3480 514 3525 coena
534 3466 646 3527 choreae
665 3466 758 3526 ductae
780 3483 834 3543 per
854 3467 965 3527 nobiles
985 3465 1093 3525 aulicos
1108 3461 1227 3537 Georgii
1240 3462 1372 3537 Ernesti,
1395 3478 1465 3521 vasa

290 3573 356 3647 pice
372 3574 402 3630 at
420 3571 554 3631 crustulis
572 3572 675 3647 ligneis
694 3570 803 3632 referta
821 3578 1002 3632 concremata
1021 3574 1090 3630 sunt
1108 3585 1162 3643 pro
1182 3553 1262 3628 more
1276 3569 1463 3641 Francorum,

292 3677 371 3752 quod
391 3693 482 3751 genus
505 3677 673 3737 chorearum
693 3678 758 3753 plus
779 3678 898 3737 insania
919 3682 950 3737 et
969 3677 1099 3738 stultitiae
1123 3690 1209 3749 quam
1230 3673 1336 3748 piaculi
1358 3674 1464 3733 habere

291 3783 418 3845 videtur.

381 3890 430 3949 xiv
445 3889 514 3965 Julij
534 3905 651 3950 asocru
667 3887 793 3964 Georgia
808 3888 933 3948 Ernesto
952 3888 1093 3950 auunculo
1111 3902 1165 3946 suo
1185 3887 1286 3961 gutia
1301 3890 1374 3947 nate
1387 3890 1463 3958 sunt,

293 3997 371 4071 quod
385 4012 455 4072 erga
469 3999 560 4071 ipsam
574 3996 644 4057 boni
658 3999 763 4058 tutoris
778 3995 834 4056 fide
848 4012 917 4055 usus
933 3996 979 4054 sit,
1017 3993 1131 4054 Deinde
1145 3992 1297 4068 prandium
1311 3996 1463 4067 sumptum.

292 4102 319 4161 A
332 4102 457 4177 prandio
472 4101 614 4177 Georgius
627 4104 768 4163 Ernestus
782 4103 932 4178 princeps,
951 4116 1045 4161 comm
1059 4104 1089 4160 et
1102 4099 1233 4161 dominus
1248 4099 1463 4176 aHennebcrg,

292 4210 394 4269 doctor
407 4208 551 4268 Melchior
565 4208 638 4269 Ossa
652 4224 711 4267 una
730 4223 793 4268 cum
813 4224 903 4267 uxore
918 4214 949 4268 et
961 4206 1076 4268 filiabus
1095 4206 1134 4266 ad
1147 4203 1352 4280 profectionem
1366 4221 1397 4264 se
1412 4222 1463 4281 pa-

292 4319 366 4374 rant
374 4312 567 4374 valedicentes
582 4314 676 4375 sorori
692 4313 854 4375 Gatharinae
869 4319 899 4374 et
912 4312 1041 4388 filiabus,
1058 4310 1188 4374 Eubulus
1205 4325 1276 4369 vero
1294 4310 1341 4368 his
1355 4310 1394 4371 ad
1407 4310 1465 4371 duo

292 4417 354 4480 iere
369 4419 492 4479 miliaria
507 4420 641 4481 ducatum
656 4421 791 4495 praestitit
805 4436 836 4481 se
849 4420 906 4479 illis
918 4419 956 4479 ad
967 4417 1063 4479 officia
1078 4414 1208 4490 offerens,
1225 4429 1260 4473 ac
1272 4415 1349 4475 bona
1363 4423 1466 4477 cuncta

292 4528 427 4599 precatus
442 4524 661 4585 Rudelstadinm
676 4540 807 4585 reversus
823 4530 887 4585 ast·
1034 4507 1035 4510 ¹

384 4630 562 4691 Οοιιιιιιιιιιιι
587 4635 632 4690 est
651 4630 765 4705 eadem,
790 4630 859 4704 quid
881 4631 917 4691 de
937 4628 1135 4703 obsignatione
1155 4626 1316 4691 litterarum
1334 4628 1418 4688 fieret
1436 4636 1466 4690 et

293 4735 364 4811 quid
377 4736 497 4796 ulterius
512 4738 543 4796 in
556 4735 685 4797 Arnstad
699 4736 840 4811 agendum
854 4735 940 4799 foret.
970 4735 1054 4795 Fecit
1068 4740 1098 4795 et
1111 4733 1242 4794 Eubulus
1256 4751 1309 4810 per
1323 4735 1465 4795 Lazarum

294 4842 491 4918 argenteum
508 4842 538 4902 iu
552 4840 693 4905 Αιιιιιιᾱι
706 4842 831 4919 sigillum
844 4844 876 4905 in
889 4858 972 4903 usum
987 4845 1041 4903 etc.
1061 4840 1172 4919 parari.
