3700 5692
934 712 1001 781 216

380 901 417 963 de
432 900 500 962 sede
516 900 658 976 deposuit,
674 914 732 959 non
746 902 845 959 autem
859 898 964 960 evertit
976 896 1081 973 sedem,
1097 894 1176 971 quod
1189 902 1318 973 potestas
1329 890 1417 975 gladii
1427 895 1466 961 sit
1479 900 1553 963 ordi-

380 1008 460 1067 natio
475 1007 536 1080 dei,
559 1006 756 1081 superbientes
778 1009 875 1065 autem
894 1004 926 1062 in
946 1019 982 1063 ea
995 1019 1134 1077 personas
1154 1002 1224 1064 deus
1245 1004 1343 1066 deiicit
1356 1011 1411 1067 etc
1448 1006 1555 1068 Docuit

379 1114 449 1172 item
470 1111 630 1186 exemplum
649 1110 797 1170 charitatis
817 1114 847 1169 et
864 1110 957 1169 mutui
976 1107 1064 1167 officii
1077 1110 1108 1167 in
1123 1109 1243 1184 deipara
1256 1112 1367 1187 virgine
1386 1110 1554 1174 imitandum

380 1232 458 1291 esse,
481 1217 580 1289 utique
595 1230 659 1288 quoe
674 1231 728 1274 nee
743 1217 815 1290 juga
829 1216 969 1275 altissima
987 1216 1126 1276 montium
1139 1230 1194 1274 nec
1213 1219 1352 1291 temporis
1366 1218 1484 1278 tadnn
1505 1221 1554 1281 de·

379 1322 520 1395 msemrit,
537 1336 594 1395 quo
608 1325 739 1395 cognatae
754 1320 904 1380 charitatis
918 1334 1009 1393 opera
1022 1324 1186 1395 praestaret.
1215 1320 1369 1382 observari
1382 1340 1497 1398 quoque
1510 1326 1557 1383 bic

375 1428 477 1503 iussit,
492 1426 618 1487 Mariam
632 1428 862 1487 observationem
875 1426 1013 1485 trinitatis
1027 1425 1058 1485 in
1071 1424 1127 1484 hoo
1141 1426 1252 1485 cantico
1266 1426 1409 1488 habuisse.

468 1534 580 1593 Eadem
595 1535 626 1592 in
638 1532 834 1607 hybernaculo
848 1538 948 1592 nostro
963 1548 1096 1606 mappam
1110 1532 1178 1591 novi
1192 1532 1269 1591 orbis
1281 1534 1412 1609 vidimus,
1429 1550 1489 1608 qua
1503 1550 1556 1595 nos

379 1639 551 1699 Anastasius
566 1640 708 1700 Schmaltz
722 1656 741 1698 a
755 1637 877 1698 Landau
892 1654 957 1697 cum
971 1638 1159 1712 inscriptione
1176 1638 1299 1698 nominis
1314 1643 1344 1698 et
1358 1640 1403 1699 sui
1419 1646 1450 1701 et
1463 1643 1557 1702 nostri

380 1743 514 1821 donavit,
539 1744 589 1817 qui
602 1745 647 1803 vir
662 1759 715 1803 noa
735 1758 771 1802 ex
785 1743 847 1803 solo
867 1744 982 1803 nomine
1002 1748 1139 1817 noverat,
1164 1749 1194 1803 et
1206 1760 1253 1803 me
1275 1745 1348 1805 latet
1370 1762 1407 1805 an
1429 1763 1557 1821 uuquam

380 1849 525 1910 hominem
540 1848 670 1908 uiderim.

468 1954 580 2014 Eadem
593 1970 668 2014 uxor
683 1955 809 2015 docmris
824 1954 861 2014 de
875 1954 949 2014 Ossa
964 1952 1041 2029 apud
1055 1970 1109 2015 nos
1123 1954 1255 2031 obtinuit,
1271 1961 1304 2016 ut
1317 1953 1406 2018 tiliam
1422 1957 1487 2031 eius
1501 1958 1557 2019 Ae·

381 2060 488 2120 milium
502 2061 533 2119 in
547 2060 677 2120 ordinem
691 2061 928 2135 pedissequarum
942 2060 1088 2119 uxorcula
1102 2062 1321 2135 susciperemus.

419 2181 423 2191 ·
469 2166 692 2240 Perscripsimus
707 2167 809 2228 eadem
829 2165 866 2225 de
880 2164 1027 2226 nonnullis
1042 2164 1080 2224 ad
1094 2165 1237 2225 ioannem
1252 2164 1419 2227 Gmacteum
1435 2173 1465 2228 et
1479 2169 1555 2229 Her·

379 2288 515 2331 mannum
523 2272 658 2330 Nellium.
680 2270 792 2331 Eadem
805 2269 890 2330 Josto
903 2271 993 2345 Scphi
1008 2286 1061 2344 pro
1076 2270 1174 2333 debito
1185 2270 1444 2333 Germerssbausen
1458 2279 1490 2334 et
1503 2290 1556 2348 pro

380 2375 514 2436 mercede
528 2391 582 2435 sua
595 2376 702 2436 taleros
716 2376 819 2450 viginti
832 2375 904 2435 duos
919 2375 1049 2436 dedimus
1064 2392 1099 2436 ex
1113 2379 1244 2454 pecunia,
1261 2394 1347 2452 quam
1355 2378 1555 2455 Norinbergae

381 2498 592 2557 acceperamus.

468 2588 500 2661 iij
530 2588 601 2648 Julii
620 2584 741 2647 Honfels
764 2592 794 2648 et
812 2587 976 2649 Ludovicus
1006 2588 1120 2648 circiter
1144 2594 1277 2662 qammm
1300 2590 1554 2653 antemeridianam

379 2691 449 2751 hinc
462 2692 570 2752 abiere.
608 2691 719 2753 Eadem
735 2709 849 2767 quoque
868 2697 937 2752 ante
951 2694 1104 2766 prandium
1119 2695 1234 2755 domina
1249 2711 1346 2757 socrus
1361 2712 1397 2757 ac
1409 2694 1480 2755 filim
1495 2698 1555 2772 ejus

380 2796 465 2856 nobis
479 2811 530 2857 aaa
543 2799 745 2859 comitantibus
760 2799 799 2859 ad
814 2798 889 2859 Sala
902 2794 1020 2859 flumem
1034 2800 1175 2874 piscatum
1189 2802 1296 2862 abiere.

470 2900 595 2963 Comites
610 2904 857 2978 aSchwartaburg
871 2920 962 2979 genus
977 2918 1060 2964 suum
1074 2906 1194 2967 trahunt
1208 2923 1227 2966 a
1240 2907 1362 2968 dominis
1377 2909 1414 2969 de
1427 2909 1555 2971 Kevern·

377 3006 470 3083 burg,
490 3008 660 3084 Keverburg
674 3026 727 3069 arx
742 3013 786 3068 est
800 3024 860 3069 non
878 3010 980 3083 procul
999 3010 1036 3069 ab
1050 3008 1209 3073 Arnstadio
1230 3015 1316 3073 etiam
1335 3013 1413 3089 apud
1434 3016 1554 3090 gentiles

378 3112 524 3186 quondam
547 3113 677 3173 celebris.
720 3113 835 3173 Primus
857 3105 954 3175 autem
976 3116 1156 3177 dominorum
1178 3118 1214 3179 de
1235 3119 1427 3195 Kerernburg
1449 3120 1555 3181 Christi

379 3215 465 3278 fidem
488 3220 644 3295 suscipiens
668 3220 707 3281 ad
726 3224 954 3296 regenerationis
976 3238 1066 3283 sacrae
1088 3224 1204 3285 lavacra
1224 3242 1278 3301 pro
1299 3240 1379 3286 more
1400 3224 1554 3287 Gundarus

379 3328 496 3384 vocatus
520 3330 580 3399 est,
605 3342 680 3386 nunc
699 3326 866 3388 Guntherns
887 3328 1031 3389 scribitur.
1070 3330 1139 3389 Fuit
1160 3336 1190 3390 et
1211 3330 1286 3393 alter
1308 3331 1423 3405 quidam
1439 3332 1553 3409 Sigarth

378 3433 503 3507 nomine,
520 3434 569 3506 qni
584 3434 621 3493 ob
635 3435 834 3494 strenuitatem
849 3439 880 3493 et
892 3432 1092 3495 fortitudinem
1104 3437 1141 3496 ab
1152 3438 1327 3511 imperatore
1341 3438 1403 3512 ejus
1417 3440 1553 3513 temporis

381 3536 516 3611 sigehart
530 3539 692 3613 appellatus
706 3544 759 3599 est.
797 3540 907 3600 Extant
926 3540 962 3600 de
976 3540 1021 3599 his
1035 3543 1120 3615 plura
1134 3547 1320 3603 monumenta
1340 3544 1370 3602 in
1383 3544 1551 3605 Reinbarts

377 3657 492 3717 prunno
507 3646 653 3720 coenobio,
674 3646 724 3705 nbi
740 3645 809 3705 dicti
829 3645 936 3705 domini
957 3647 1133 3722 sepulturam
1154 3664 1234 3707 suam
1252 3649 1388 3710 babuisse
1409 3651 1551 3713 dicuntur.
1568 3669 1571 3677 ’

378 3746 521 3808 Henricus
536 3754 633 3809 autem
648 3766 742 3810 comes
758 3766 776 3811 a
789 3751 1017 3828 Schwartzburg
1033 3759 1118 3829 pater
1132 3756 1231 3813 uxoris
1245 3760 1352 3815 nostrae
1366 3773 1456 3816 unum
1471 3763 1501 3819 et
1514 3758 1553 3819 al·

377 3859 471 3913 terum
484 3855 590 3916 horum
603 3858 737 3916 comitum
752 3874 809 3917 una
824 3872 888 3915 cum
903 3859 1050 3934 uxombus,
1064 3864 1098 3919 ut
1112 3861 1143 3918 in
1157 3862 1233 3920 saxis
1247 3860 1480 3939 Reinhartsprun
1495 3862 1552 3925 cffi-

378 3960 440 4035 gies
454 3961 582 4036 ipsorum
596 3962 718 4038 viderat,
728 3965 759 4023 in
773 3962 873 4023 tabula
887 3963 1005 4039 depingi
1019 3970 1179 4040 curaverat,
1195 3967 1263 4027 licat
1274 3969 1390 4028 nomina
1401 3962 1551 4047 conjugum

377 4081 436 4125 non
459 4066 517 4125 sint
536 4069 672 4143 ascripta.
710 4070 805 4144 Hujus
824 4074 920 4129 autem
942 4071 986 4129 rei
1005 4086 1068 4129 eam
1089 4086 1151 4130 esse
1171 4087 1287 4133 caumm
1306 4076 1445 4152 conjicio,
1477 4078 1552 4152 quod

374 4172 492 4231 tametsi
511 4174 700 4233 monasticum
718 4191 822 4250 genus,
846 4180 879 4234 ut
892 4176 1001 4234 lucrum
1021 4178 1233 4249 amagnatibus
1252 4185 1382 4255 caperet,
1407 4182 1552 4243 celebrare

377 4277 493 4351 quidem
506 4280 624 4340 nomina
637 4281 767 4354 priorum
781 4281 873 4342 videri
886 4281 1018 4357 voluerit,
1033 4286 1129 4343 mmeu
1143 4299 1201 4342 non
1211 4284 1365 4344 admodum
1380 4285 1417 4345 dc
1433 4289 1550 4348 veritate

377 4387 409 4441 et
421 4379 480 4443 fide
493 4383 630 4443 historica
644 4386 797 4445 sollicitum
810 4384 874 4446 fuit.

464 4487 576 4548 Eadem
591 4505 686 4550 comes
700 4490 899 4568 Wolffgangus
915 4509 933 4553 a
948 4490 1086 4553 Gleichen
1101 4498 1132 4553 et
1145 4510 1218 4555 uxor
1233 4496 1296 4568 ejus
1311 4495 1487 4571 Mugdnlena
1501 4514 1551 4559 nec

376 4606 436 4651 non
450 4590 618 4668 walpurgis
633 4594 671 4655 ab
685 4596 874 4673 Henneberg,
898 4597 1029 4659 Carolia
1044 4598 1181 4659 Gleichen
1194 4616 1281 4675 uxor,
1304 4616 1358 4677 per
1372 4602 1485 4663 litteras
1500 4619 1551 4664 nos

379 4696 549 4757 salutarunt.

467 4800 578 4862 Eadem
590 4803 706 4865 domino
716 4804 838 4869 alberto
847 4807 975 4871 Draconi
985 4814 1046 4871 tres
1055 4826 1159 4873 aureos
1173 4813 1204 4873 in
1215 4812 1400 4875 elemosinam
1413 4812 1549 4875 dedimus.
