3700 5692
852 744 915 809 141

292 942 351 987 uon
367 926 603 988 detrectaremus.
626 924 710 985 Dixit
723 940 846 1000 quoque,
862 926 936 985 siem
950 932 980 986 et
993 927 1064 986 alios
1078 924 1184 1000 ιιιιιιι,
1199 926 1274 986 haue
1289 926 1466 999 charihtcm,

292 1050 352 1107 qua
367 1032 449 1093 Deus
461 1048 515 1091 uos
530 1031 632 1106 diligat
645 1033 676 1090 iu
690 1032 810 1103 dilecto,
832 1036 863 1090 et
881 1047 940 1104 qua
955 1029 1085 1092 Christus
1100 1046 1151 1091 nos
1168 1030 1267 1091 dilexit
1285 1048 1319 1093 ae
1341 1048 1408 1092 suos
1423 1034 1466 1091 in·

292 1139 387 1198 ricem
402 1154 434 1196 se
449 1137 571 1211 diligere
583 1137 716 1211 jusserit,
733 1153 796 1197 esse
809 1142 870 1196 tam
884 1137 1058 1213 immensam,
1081 1143 1140 1197 tam
1155 1136 1326 1201 meffabileru
1341 1153 1374 1197 ee
1389 1138 1468 1197 nulla

293 1259 353 1302 nou
367 1244 457 1303 ammi
470 1244 661 1303 admiratione
676 1243 807 1318 diguam,
827 1248 862 1302 ut
875 1260 893 1301 a
906 1244 987 1303 nulla
1001 1249 1134 1305 creature
1150 1242 1231 1303 ederi
1246 1249 1352 1319 posset.
1391 1244 1466 1303 Esse

292 1353 391 1407 ιιιιιιιιι
404 1348 504 1422 aliqua
517 1349 547 1407 iu
561 1349 616 1407 hac
629 1349 784 1423 charitate,
815 1363 881 1421 qua
899 1354 1045 1423 utcunque
1061 1366 1079 1410 a
1093 1350 1175 1411 nobis
1190 1349 1382 1409 circumscribi
1396 1365 1464 1423 pos·

292 1453 362 1528 siut
387 1454 547 1527 cujusmodi
567 1459 679 1527 essent,
701 1470 765 1528 qua
780 1455 914 1529 superius
929 1455 1006 1514 dieta
1021 1462 1096 1515 sunt.
1134 1456 1174 1515 Et
1188 1462 1254 1531 post
1267 1456 1358 1516 multa
1372 1454 1466 1513 Deum

292 1558 464 1618 ardentibus
478 1559 554 1619 retis
569 1576 654 1619 orare
664 1560 759 1635 iussit,
776 1573 832 1633 que
847 1559 930 1621 nobis
949 1560 1024 1619 hanc
1044 1562 1226 1623 theodonem
1241 1561 1376 1635 consequi
1392 1566 1421 1620 et
1435 1562 1466 1619 iu

294 1678 329 1721 ea
344 1678 517 1736 permanere
529 1665 685 1739 muhugat.
713 1664 797 1739 Quod
811 1665 893 1726 uobis
902 1665 996 1725 donet
1010 1664 1100 1727 dulcis
1114 1668 1208 1727 lesus.
1232 1668 1332 1727 Amen.

383 1767 411 1825 Δ
432 1769 567 1831 concione
588 1771 719 1831 Eubulus
738 1777 886 1846 assumpto
910 1772 999 1832 Floro
1025 1774 1156 1833 comitem
1178 1773 1359 1835 wilhelmum
1384 1772 1465 1847 adiit,

293 1888 360 1931 cum
384 1888 442 1946 quo
464 1878 494 1933 et
513 1875 690 1949 ientaculum
710 1892 768 1936 una
786 1892 851 1935 cum
870 1876 976 1937 Οιιοιιι
997 1882 1027 1937 ιι
1040 1878 1165 1939 Ernesto
1188 1878 1223 1939 de
1245 1879 1419 1952 Sohomberg
1438 1884 1468 1937 et

293 1976 360 2038 aliis
374 1984 528 2054 sumptum.
550 1980 663 2041 Deinde
677 1982 788 2041 comitb
802 1981 949 2041 wilhelmi
963 1984 1113 2043 considam
1127 1984 1157 2042 iu
1172 1985 1288 2057 negotio
1303 1990 1402 2053 ιιιιιιο
1417 2001 1467 2058 pa-

292 2084 406 2158 tiimus,
430 2085 648 2160 qui,utui1um
667 2084 839 2161 prudentem
858 2090 889 2145 ιι
911 2074 1033 2162 probum
1053 2088 1148 2162 decet,
1175 2104 1210 2148 ex
1230 2090 1325 2149 animo
1349 2088 1423 2148 dixit
1435 2088 1467 2147 id

294 2189 374 2263 quod
386 2206 435 2250 res
450 2196 522 2251 erat.
560 2192 661 2251 Visum
681 2197 779 2252 tamem
803 2198 847 2251 ast
868 2192 924 2264 illi,
948 2210 1006 2253 non
1020 2193 1231 2253 incommodare
1245 2210 1342 2269 pesse,
1367 2198 1398 2252 ut
1413 2210 1466 2253 uos

293 2312 396 2355 rursus
410 2296 610 2357 Anabatensis
624 2297 789 2371 conspectui
803 2296 1010 2358 exhiberemus.
1043 2298 1118 2358 Dum
1134 2304 1228 2359 autem
1242 2299 1273 2359 in
1288 2297 1368 2359 curia
1382 2298 1466 2357 Atre-

293 2402 423 2463 batensis
441 2418 505 2463 oum
525 2402 614 2465 Flore
633 2403 836 2478 colloquimur,
860 2403 966 2477 praesul
985 2410 1176 2478 properanter
1196 2403 1234 2463 ed
1256 2403 1465 2463 Grandevelam

293 2513 408 2581 psham
421 2510 535 2569 transit.
573 2509 724 2570 Subsecuti
743 2510 833 2585 igitur
854 2526 919 2569 eum
939 2525 1030 2583 usque
1045 2510 1084 2569 ad
1103 2511 1208 2569 atrium
1223 2514 1291 2569 ante
1306 2508 1465 2569 cubiculum

293 2615 396 2689 patris,
406 2612 463 2675 'ubi
476 2616 722 2689 prestolabamur.
746 2614 851 2675 Edocti
865 2620 962 2675 autem
976 2631 995 2674 a
1009 2631 1093 2676 servo
1107 2616 1260 2689 praesulem
1274 2615 1305 2675 in
1319 2616 1399 2675 curia
1414 2628 1467 2675 sua

292 2722 323 2779 in
337 2720 431 2780 bortis
445 2736 626 2796 pransurum,
642 2721 748 2781 abitum
765 2722 828 2795 eJ'us
842 2723 1036 2796 emanantes,
1053 2723 1102 2796 qui
1117 2738 1181 2781 cum
1195 2721 1325 2797 prodiret
1339 2719 1417 2780 foras
1431 2736 1467 2793 ac

292 2830 375 2887 recta
389 2842 435 2886 me
449 2831 571 2901 peteret,
589 2826 702 2886 dicens:
718 2824 850 2901 Domine,
867 2828 937 2900 quid
951 2826 1045 2902 petis?
1058 2827 1195 2904 respondi
1210 2830 1239 2889 d.
1254 2847 1282 2889 v.
1298 2826 1381 2888 facile
1396 2826 1466 2886 divi·

292 2949 378 3008 nare,
403 2933 472 3007 quid
487 2934 585 3007 uelim,
609 2938 718 3007 potest,
740 2948 805 2991 cum
827 2934 919 2994 omnis
938 2949 1003 2993 mea
1026 2950 1092 3010 spes
1113 2935 1207 2995 adbuc
1226 2934 1262 2994 de
1284 2936 1379 3009 gratia
1394 2933 1422 2992 l.
1437 2950 1464 2991 v.

292 3038 431 3114 pendeat
468 3037 515 3098 Ad
528 3038 591 3097 heac
603 3038 663 3097 ille:
687 3036 836 3112 Proiecto,
859 3040 899 3097 mi
913 3038 1028 3099 domine
1050 3056 1159 3116 cemes,
1180 3056 1234 3115 ego
1255 3040 1327 3099 nihil
1346 3039 1466 3099 ulterius

293 3160 414 3219 possum
427 3142 532 3204 facere.
570 3144 646 3203 Nem
659 3145 750 3203 multo
765 3143 865 3203 labore
879 3160 914 3202 ιο
930 3160 991 3203 rem
1005 3144 1136 3218 padari,
1152 3150 1185 3204 ut
1199 3146 1236 3205 de
1251 3144 1467 3219 quatuordecim

292 3249 410 3309 milibus
424 3247 462 3310 ad
482 3254 547 3308 octo
560 3249 651 3309 millia
664 3250 833 3309 descensum
847 3249 894 3307 sit.
933 3249 973 3306 Et
987 3248 1094 3309 habeas
1109 3251 1177 3308 mihi
1192 3248 1296 3323 fidem,
1312 3266 1370 3309 nou
1386 3266 1465 3309 men·

292 3359 362 3430 tior,
379 3370 433 3428 ego
449 3359 511 3414 ate
522 3356 583 3429 jam
597 3357 715 3429 rogatus
730 3354 823 3413 altera
836 3354 898 3413 vioe
913 3354 1116 3428 imperatorem
1131 3354 1199 3429 adii,
1223 3359 1351 3426 conatus,
1368 3354 1393 3413 si
1409 3370 1467 3426 qua
1530 3436 1532 3439 Ι

294 3474 413 3535 possem
426 3462 553 3519 smmum
568 3476 628 3519 suae
641 3461 800 3534 majesmth
815 3474 885 3534 erga
898 3466 929 3520 ta
944 3459 1080 3519 emollire.
1104 3461 1211 3519 Verum
1225 3460 1382 3534 imperator
1396 3457 1466 3517 mihi

292 3567 379 3640 quasi
393 3564 539 3625 subiratus
553 3564 717 3639 respondit:
741 3563 823 3639 Quid,
846 3582 914 3624 uum
929 3566 999 3625 satis
1013 3566 1172 3625 clementiae
1187 3564 1289 3641 mailli
1304 3563 1466 3623 exhibuisse

292 3668 401 3746 putat?
430 3671 508 3743 quod
523 3686 586 3729 cum
608 3670 823 3744 quatuordecim
844 3670 934 3730 millia
949 3671 1091 3744 exegerim
1107 3670 1145 3730 ad
1160 3676 1225 3730 octo
1240 3671 1329 3729 millia
1343 3668 1465 3729 floreno

291 3792 359 3835 rum
372 3776 468 3850 redigi
481 3792 584 3849 passus
598 3776 682 3835 sum?
704 3776 800 3836 Dicito
815 3776 866 3850 illi,
886 3792 934 3835 me
948 3776 1036 3835 semel
1050 3792 1095 3836 me
1114 3778 1206 3850 ipsum
1221 3777 1372 3835 resolvisse
1387 3774 1464 3851 (ues-v

292 3883 338 3940 eio
359 3882 437 3941 enim
457 3899 516 3955 que
537 3884 723 3957 grammatico
744 3885 891 3956 repertum
913 3882 963 3955 sit,
992 3882 1136 3942 resolvere
1161 3882 1191 3941 in
1213 3883 1279 3942 arula
1300 3896 1466 3942 cesaream

292 3989 429 4059 usurpari
450 4004 505 4063 pro
521 4005 571 4061 eo,
595 3987 673 4061 quod
687 3988 763 4047 docti
777 3987 886 4060 dieunt,
909 3985 965 4045 boc
978 4002 1088 4046 meeum
1104 3988 1233 4063 decrevi,
1254 3989 1300 4047 vel
1315 3989 1356 4047 ιιι
1371 3989 1466 4047 animo

293 4092 385 4151 statui
398 4099 464 4166 eto,
479 4096 514 4151 ut
527 4085 617 4153 novos
631 4092 760 4152 homiues
775 4092 904 4152 exoticus
918 4106 1012 4150 sermo
1027 4091 1178 4169 sequitur),
1200 4110 1235 4153 ao
1250 4094 1290 4153 sic
1305 4093 1467 4154 conclusum
1485 4130 1487 4133 -

291 4212 383 4271 penes
397 4212 444 4256 me
457 4212 529 4256 esse.
569 4197 601 4257 Si
614 4198 693 4257 volet
711 4197 837 4257 oblatam
851 4199 975 4271 gratiam
996 4204 1162 4277 acceptare,
1189 4180 1262 4261 bene
1278 4205 1335 4275 est,
1359 4202 1383 4258 si
1398 4215 1466 4273 non,-

293 4303 393 4377 alium,
408 4318 494 4376 quem
508 4302 550 4361 illi
565 4303 690 4377 proponi
704 4300 775 4377 feei,
799 4302 874 4363 uam
888 4309 1027 4379 acceptet.
1066 4306 1128 4364 Nec
1149 4308 1224 4366 enim
1239 4310 1346 4380 prater
1358 4304 1407 4377 jus
1422 4318 1467 4361 me

294 4409 450 4482 quicquam
463 4408 494 4467 in
508 4423 573 4467 eum
587 4408 770 4468 decreturum
789 4413 870 4469 certo
884 4414 1081 4482 comperturos
1095 4417 1148 4471 est.
1189 4410 1259 4471 Gom
1273 4416 1370 4469 autem
1385 4406 1465 4467 Wol-

293 4513 385 4573 radus
399 4514 503 4573 iterum
518 4517 606 4586 atque
620 4513 724 4572 iterum
739 4512 816 4585 apud
831 4514 985 4587 presulem
1000 4515 1130 4589 instaret,
1147 4532 1203 4587 quo
1216 4515 1262 4575 vel
1272 4513 1365 4574 adhue
1380 4512 1467 4573 semel

292 4619 456 4694 periculum
468 4615 563 4677 facere
578 4618 756 4691 dignaretur,
772 4618 796 4676 si
811 4633 869 4691 que
883 4617 961 4691 apud
974 4634 1128 4679 cesaream
1141 4620 1321 4692 maiestatem
1336 4618 1468 4679 obtinere

293 4730 402 4799 posset,
418 4740 559 4783 summum
571 4722 740 4797 predictam
753 4705 852 4797 minui,
867 4723 1031 4796 respondit:
1057 4722 1152 4798 Certe,
1172 4724 1296 4799 domine,
1312 4722 1384 4783 nihil
1398 4738 1465 4796 pro·

293 4826 384 4905 ιιιιιι,
400 4827 453 4888 sed
465 4829 556 4902 magis
570 4827 697 4889 irritabia
712 4842 867 4889 meream
881 4824 1071 4905 metantem,
1092 4835 1122 4888 ιι
1135 4834 1166 4890 ιι
1180 4832 1273 4905 ipsum
1288 4832 1372 4907 longe
1387 4832 1466 4904 post·
