3700 5692
886 698 947 765 tol

322 881 455 959 lapidant
473 880 581 943 lactum
600 884 631 940 iu
650 887 738 956 caput
757 865 865 955 anguli
895 880 936 941 Et
955 880 1031 955 qnod
1046 880 1132 939 modo
1145 877 1242 941 lucere
1253 893 1354 957 conor,
1376 899 1448 959 rogo
1463 890 1501 957 te,

323 1003 365 1049 ne
386 988 456 1047 mihi
475 988 507 1047 in
523 990 676 1061 peccmm
694 989 816 1060 statuas,
838 984 892 1044 sed
910 983 1057 1045 intercede
1078 1000 1133 1058 pro
1153 1000 1200 1043 me
1217 986 1296 1059 apud
1316 992 1427 1061 patrem
1446 986 1502 1049 uno

326 1093 400 1153 nihil
414 1097 595 1166 negatmum
618 1097 651 1150 ut
665 1090 808 1149 mandatis
824 1090 865 1147 ais
882 1085 1059 1149 ¹adnaerera
1078 1089 1194 1163 possim,
1219 1095 1249 1149 et
1268 1106 1313 1151 ma
1333 1093 1436 1166 spiritu
1451 1099 1501 1153 tuo

321 1204 429 1257 sanem
441 1195 518 1272 iove
538 1197 588 1269 qui
602 1197 674 1255 vivis
689 1199 719 1253 et
733 1209 839 1268 regma
852 1208 917 1251 oum
931 1192 1031 1253 eodem
1045 1192 1109 1254 Deo
1125 1200 1207 1267 patre
1222 1198 1252 1253 ct
1265 1211 1289 1253 s.
1304 1196 1409 1269 spiritu
1423 1197 1502 1257 Deru

322 1302 421 1361 ulnus
436 1307 467 1361 et
479 1318 554 1359 uuna
568 1318 587 1360 a
602 1301 742 1375 principio
757 1303 788 1358 et
802 1314 877 1358 nunc
892 1304 922 1358 at
936 1314 1058 1373 semper.

413 1406 448 1463 ix
464 1406 546 1465 lunii
567 1408 597 1464 in
616 1404 725 1479 templu
747 1401 894 1463 ifinornm
915 1404 944 1463 d.
963 1404 1091 1463 loannes
1110 1402 1253 1463 Hernicus
1273 1420 1309 1463 ex
1329 1420 1393 1479 cap.
1417 1408 1500 1465 llo·

321 1510 412 1570 anuis
429 1514 447 1569 2
463 1510 527 1569 haec
540 1509 631 1569 verbe
644 1510 729 1583 legit:
756 1507 815 1567 «Et
825 1524 882 1583 per
896 1504 951 1567 hoc
970 1508 1073 1567 scimus
1089 1508 1167 1583 qnod
1182 1509 1364 1583 cognovimns
1379 1526 1453 1584 cnm,
1477 1515 1502 1571 si

319 1614 408 1687 hasa
421 1614 498 1672 ilius
510 1615 714 1685 obsmvaums3
734 1612 788 1687 qui
803 1612 886 1687 uicit,
907 1614 976 1672 aovi
994 1629 1061 1673 eum
1083 1617 1112 1673 et
1131 1620 1278 1691 praecepta
1292 1615 1354 1689 eius
1368 1632 1426 1675 nun
1440 1632 1501 1675 sar-

325 1722 387 1793 vat,
410 1718 533 1778 mendax
548 1725 593 1779 ast
607 1724 637 1778 et
650 1718 682 1777 in
698 1706 734 1776 eo
748 1718 855 1778 veritas
870 1732 929 1777 nou
944 1723 1008 1777 est«
1026 1724 1080 1777 eto.
1111 1720 1191 1793 Hac,
1213 1720 1316 1794 inquit,
1340 1718 1428 1781 verba
1442 1738 1501 1779 ma·

322 1822 398 1881 ximi
412 1827 481 1881 suut
492 1821 639 1897 mudena
659 1821 810 1896 quaelicet
823 1821 860 1880 ob
880 1823 1018 1897 tmporis
1036 1823 1216 1899 brevitatem,
1240 1826 1288 1884 vir
1308 1826 1386 1885 cuim
1400 1832 1504 1899 quarta

325 1943 397 2001 para
415 1927 526 1987 horulae
545 1925 630 1987 nobis
649 1931 791 2001 superest,
814 1924 962 1985 commode
981 1926 1136 2001 explanare
1154 1944 1212 1987 uon
1232 1928 1384 2003 possimus,
1407 1937 1504 1991 tamen

323 2032 430 2107 paucis
444 2033 631 2091 excutiemus
660 2031 716 2091 Est
734 2032 810 2090 euim
829 2030 912 2105 quasi
933 2047 1042 2089 summa
1062 2032 1150 2090 totiun
1165 2031 1208 2091 rei
1222 2032 1395 2106 christianae,
1419 2052 1503 2109 quam

323 2135 376 2197 irie
389 2138 536 2211 apestolus
551 2143 581 2197 ct
590 2137 773 2211 waugelista
786 2136 914 2195 munes
929 2135 1035 2208 tritura
1056 2143 1092 2197 nt
1110 2138 1200 2211 uiuat,
1222 2137 1320 2197 verbis
1340 2138 1503 2215 complexus

325 2246 382 2300 est
412 2241 464 2300 Ait
477 2241 561 2316 amm,
583 2241 615 2298 iu
628 2242 683 2302 hoc
697 2241 895 2316 cognoscimur
913 2245 968 2299 etc.
999 2240 1098 2301 Facile
1120 2240 1195 2301 anim
1213 2249 1268 2317 ast,
1292 2248 1325 2303 nt
1344 2245 1435 2318 ejnnt,
1459 2244 1501 2303 di-

320 2360 394 2403 core
409 2361 440 2404 se
454 2345 650 2421 christianum,
673 2346 725 2405 sod
741 2346 790 2421 qni
810 2343 896 2404 fidam
915 2346 946 2405 in
967 2343 1111 2405 Christum
1129 2344 1229 2407 desum
1249 2348 1340 2407 sclam
1362 2349 1503 2409 collocare

323 2455 360 2509 ct
378 2447 514 2509 mandata
535 2449 596 2523 eius
616 2449 774 2509 observare
796 2448 886 2509 velint
902 2450 1082 2524 munimini,
1103 2447 1138 2509 in
1158 2450 1215 2509 boc
1235 2459 1356 2527 peccam
1370 2458 1432 2513 tam
1453 2455 1503 2527 qu·

323 2554 478 2629 evaugelio
493 2554 643 2615 amarem
658 2554 750 2613 videri
764 2554 874 2628 volunt,
897 2570 985 2628 quam
998 2555 1119 2629 papistae
1132 2554 1279 2614 homiuum
1297 2574 1388 2633 genus
1408 2560 1503 2617 omnia

324 2658 532 2733 ¹traditionibus
544 2658 677 2719 bumams
691 2656 906 2718 manutenens
934 2659 986 2719 Ait
1005 2665 1101 2718 anum
1120 2676 1145 2719 s.
1165 2662 1321 2735 apostolus,
1345 2664 1370 2721 si
1388 2669 1503 2737 prapta

326 2764 391 2836 ejus
411 2764 633 2839 servaverimus,
656 2780 715 2822 uon
736 2764 888 2838 cuiuslibet
898 2770 1055 2839 praecepta,
1078 2765 1130 2825 sod
1148 2766 1220 2841 q'us,
1243 2766 1410 2841 cadumaml
1440 2767 1500 2827 Do-

322 2868 398 2927 mini
412 2868 521 2928 scilicet
532 2868 698 2929 liberatoris
714 2873 743 2926 et
762 2870 919 2929 servatoris
934 2871 1024 2929 nostri
1039 2870 1110 2929 Jesn
1126 2867 1240 2930 Christi.
1271 2871 1302 2931 Si
1321 2874 1385 2945 quis
1405 2878 1501 2934 antem

321 2964 473 3048 precepta
487 2973 607 3047 alicuius
617 2988 738 3031 ‘servaro
747 2972 864 3047 debeat,
875 2974 904 3032 is
919 2990 1035 3033 necessa
1051 2973 1146 3048 babet,
1170 2981 1203 3034 nt
1216 2975 1296 3047 pn'us
1312 2991 1347 3035 aa
1360 2981 1392 3035 et
1403 2974 1502 3037 ormo

320 3084 359 3139 st
375 3078 515 3138 adducat
551 3078 609 3149 Qui
629 3079 705 3137 enim
725 3094 826 3136 servus
844 3082 1023 3153 praeceptum
1044 3079 1151 3138 domiui
1174 3085 1344 3155 exequetur,
1368 3082 1399 3139 ni
1421 3080 1501 3157 prinu

325 3182 447 3243 edoctus
469 3180 571 3254 luerit,
596 3182 681 3257 quale
703 3183 741 3239 sit
758 3187 952 3257 praeceptum,
976 3181 1058 3253 quod
1084 3182 1170 3241 herus
1193 3200 1258 3242 eum
1285 3201 1400 3245 servaro
1422 3188 1500 3247 velit.

324 3287 370 3347 Ut
390 3286 452 3345 boec
473 3294 571 3346 autem
586 3286 801 3363 perdiscamus,
832 3283 931 3344 auditu
954 3285 1094 3358 evangelii
1116 3289 1147 3343 ct
1168 3284 1397 3359 frequentatione
1419 3288 1502 3351 vorbi

320 3391 411 3451 nobis
435 3408 508 3466 opus
531 3397 583 3451 est.
621 3392 764 3463 Praecpit
780 3394 880 3449 antem
902 3388 1047 3461 Christus,
1071 3393 1103 3447 ut
1123 3388 1305 3463 diligeremus
1325 3408 1405 3465 eum,
1428 3394 1501 3453 sicin

325 3498 392 3572 ipse
414 3496 516 3555 ddunt
537 3511 599 3570 nos,
623 3500 654 3555 ct
672 3496 703 3553 in
715 3494 872 3554 dilectione
892 3494 954 3567 qus
974 3507 1215 3567 permaneremus,
1236 3510 1293 3552 uon
1315 3494 1354 3554 ad
1373 3494 1499 3569 biduum,

322 3600 457 3661 &iduum
487 3599 533 3659 vel
555 3600 595 3659 ad
613 3604 753 3659 semestre
777 3604 904 3673 tempus,
933 3596 984 3658 sed
1011 3613 1100 3671 nsque
1124 3597 1163 3657 ad
1191 3595 1276 3657 finem
1300 3614 1499 3674 perseverare·

321 3721 405 3777 orrum
428 3704 471 3763 ait
490 3720 605 3777 quoquc
624 3705 747 3762 amicum
767 3705 798 3762 iu
813 3704 984 3763 necessitato
1005 3706 1035 3761 et
1055 3704 1147 3761 mortu
1165 3702 1298 3775 cognosci
1314 3703 1399 3777 juxta
1417 3708 1500 3763 votus

326 3808 538 3868 Germanorum
559 3808 677 3867 dictum:
706 3807 838 3867 Freundt
859 3809 891 3867 in
912 3807 965 3868 der
986 3807 1079 3881 Noht,
1103 3804 1234 3866 Freundt
1254 3807 1306 3867 inu
1327 3806 1392 3869 dem
1414 3806 1499 3882 loct,
1622 3788 1628 3797 “

325 3912 461 3973 Frenndt
477 3912 582 3973 hindar
593 3913 703 3986 aucae,
725 3913 779 3972 das
798 3914 837 3972 ist
856 3914 924 3972 einu
942 3909 1015 3971 leste
1028 3911 1151 3986 Bracke,
1175 3909 1318 3972 &ducens
1340 3910 1500 3987 exemplum

323 4018 415 4092 Hiob,
439 4032 524 4090 quem
538 4030 637 4076 omnes
651 4018 736 4076 amici
749 4017 780 4075 in
794 4017 965 4076 necessitate
979 4016 1166 4091 reliquerunt,
1190 4032 1253 4075 cum
1272 4016 1344 4077 alias
1365 4016 1442 4077 domi
1457 4016 1499 4075 di·

327 4121 407 4181 vitiis
421 4119 554 4182 afflueret
564 4121 694 4194 nudique
708 4122 831 4195 stipatus
844 4120 943 4179 anius
955 4119 1040 4179 toret.
1063 4120 1103 4180 nt
1115 4120 1193 4195 qnid,
1209 4104 1312 4197 inquit,
1324 4138 1376 4182 nus
1389 4122 1500 4196 experti

324 4241 427 4285 snmus
447 4224 503 4284 boc
522 4242 584 4286 aevo
607 4230 637 4284 et
656 4223 754 4286 anuo?
783 4222 952 4297 Numquid?
976 4223 1043 4283 dnm
1063 4242 1110 4285 res
1128 4225 1209 4285 nobis
1229 4230 1397 4285 coruscante
1416 4240 1501 4285 evau-

321 4329 475 4405 geliiluce
490 4346 526 4388 ax
540 4331 614 4389 votis
628 4329 774 4403 cederent,
789 4345 887 4388 omues
902 4329 985 4388 nobis
998 4330 1104 4404 passim
1115 4326 1398 4403 congratulabantur.
1420 4327 1500 4389 Deua

327 4433 415 4507 bone,
438 4435 552 4507 mantis
567 4433 699 4507 tripudiis
713 4432 911 4506 gloriabantur
925 4432 962 4491 de
976 4431 1222 4493 confoederatione
1241 4430 1357 4511 foederis
1377 4446 1499 4507 evanga-

326 4538 378 4614 lici
391 4537 429 4599 de
442 4537 606 4599 civitatibus
621 4544 651 4599 et
663 4538 850 4613 principibus,
873 4538 922 4610 qui
937 4537 990 4596 soli
1012 4540 1173 4597 sustentare
1192 4534 1354 4597 doctrinam
1372 4538 1501 4597 veritatis

911 4667 927 4703 a

407 4759 417 4803 l
438 4752 494 4817 ajua
512 4757 525 4803 i
