3700 5692
957 774 1025 839 228

398 957 508 1015 murale
522 957 637 1031 duplex.
674 956 772 1017 Habet
786 962 816 1016 et
830 953 936 1017 fossam
952 961 1078 1017 castrum
1093 956 1331 1033 circumdantem,
1355 958 1386 1019 in
1401 975 1461 1033 qua
1475 970 1564 1017 carcer

397 1064 560 1122 teterrimus
576 1079 613 1123 ex
626 1080 699 1136 rupe
714 1062 826 1123 excisus
841 1068 871 1124 et
885 1068 989 1151 putens
1005 1060 1210 1137 profunditatis
1224 1062 1415 1138 incredibilis,
1438 1064 1477 1124 ad
1492 1064 1564 1139 cujus

399 1185 480 1229 oram
494 1186 558 1227 cnm
573 1168 693 1229 abietini
707 1185 819 1229 asseres
834 1169 920 1241 positi
936 1171 1040 1243 essent,
1056 1166 1212 1253 Anastasia
1226 1170 1277 1227 uni
1290 1169 1392 1229 horum
1406 1168 1565 1229 incumbens

399 1283 466 1335 ante
487 1277 634 1336 biennium
657 1290 722 1333 cum
743 1275 823 1347 putei
844 1272 1069 1348 profunditatem
1091 1274 1255 1335 intueretur
1277 1275 1424 1351 subsedit,
1447 1276 1503 1335 nisi
1517 1290 1566 1348 ope

400 1382 497 1441 divina
511 1386 659 1441 asservata
672 1379 775 1440 fuisset
788 1380 831 1440 ita
849 1384 882 1439 nt
897 1398 915 1441 a
929 1380 1139 1441 Lewensteiuio
1154 1400 1172 1443 a
1187 1381 1272 1441 Rhen
1290 1399 1377 1442 manu
1392 1382 1567 1457 apprehensa

399 1486 604 1561 attraheretur,
619 1488 650 1545 in
664 1485 813 1546 baratrum
827 1485 883 1545 hoc
897 1486 1035 1559 absorpta
1048 1485 1158 1547 fuisset.
1191 1487 1276 1546 Nunc
1290 1502 1405 1561 qnoque
1420 1502 1474 1546 arx
1489 1484 1567 1545 nudi·

399 1609 456 1665 que
471 1593 584 1651 ruinam
598 1593 732 1667 minatur,
749 1592 851 1666 scuris,
867 1590 1094 1652 nocticoracibus
1110 1597 1139 1651 et
1153 1591 1315 1654 bubonibus
1329 1592 1487 1667 hospitium
1500 1608 1567 1667 prae·
1591 1576 1598 1585 ⁵

399 1697 456 1756 bet.
496 1696 657 1756 Proventus
676 1714 746 1757 vero
761 1697 982 1757 Rudelstadinm
1004 1698 1119 1759 cedunt.
1157 1698 1233 1759 Nam
1251 1698 1475 1773 Blauchenbnrg
1491 1712 1568 1771 aquo

398 1800 459 1861 fere
475 1804 571 1875 spacio
587 1820 604 1861 a
620 1803 858 1878 Schwartzburgo
873 1808 904 1862 et
917 1802 1105 1863 Rudelstadio
1121 1802 1218 1877 distat,
1234 1804 1341 1863 scilicet
1354 1804 1460 1862 miliari
1476 1818 1541 1862 ιιιιο.

488 1907 629 1981 Tempore
654 1908 805 1968 vindemias
832 1907 986 1983 praefectus
1014 1906 1195 1969 Rudelstadii
1218 1910 1249 1969 in
1273 1909 1357 1969 domo
1378 1909 1521 1969 torculari
1541 1924 1569 1967 se

400 2017 535 2076 continet.
589 2016 692 2075 Fuisse
722 2020 819 2075 autem
846 2013 964 2090 potandi
993 2012 1116 2073 studium
1144 2016 1174 2074 in
1196 2015 1341 2076 veteribus
1364 2015 1515 2075 comitibus
1536 2013 1570 2075 de

398 2122 633 2196 Schwartzburg,
659 2126 692 2180 ut
710 2120 772 2181 fere
793 2119 925 2179 omnibus
946 2118 1097 2179 Germanis
1111 2121 1257 2196 peculiare
1272 2119 1340 2197 huit,
1365 2127 1395 2181 et
1412 2120 1471 2182 hoc
1486 2138 1568 2195 argu·

398 2234 495 2287 mento
510 2230 709 2303 cognovimus,
745 2229 821 2302 qnod
834 2228 972 2286 torculari
986 2212 1127 2287 'truncum
1140 2226 1266 2301 hgneum
1280 2229 1323 2288 ita
1337 2232 1518 2303 exaustum,
1540 2234 1571 2287 ut

398 2334 524 2393 humeris
539 2335 662 2393 hominis
676 2335 771 2408 aptari
786 2334 886 2408 possit,
899 2332 972 2407 Justi
985 2332 1121 2406 ponderis
1137 2338 1166 2393 et
1181 2348 1217 2391 ex
1232 2338 1334 2393 catena
1349 2332 1447 2394 ferrea
1464 2334 1569 2409 depen·

401 2440 516 2499 dentem
529 2438 659 2499 vidimus.
704 2439 782 2499 Usus
796 2445 892 2499 autem
905 2440 992 2513 hujns
1006 2439 1101 2497 trunci
1116 2445 1168 2514 est,
1189 2443 1222 2497 nt
1237 2439 1287 2511 qui
1301 2439 1339 2499 ad
1354 2438 1485 2512 aequales
1500 2436 1570 2495 hau·
1622 2496 1626 2503 ,

398 2551 458 2604 stus
477 2545 576 2606 bibere
595 2545 728 2620 voluerit,
750 2545 835 2619 hujus
857 2546 931 2605 collo
951 2542 1142 2621 appendatur.
1179 2545 1276 2618 Ipsam
1295 2559 1391 2603 urcem
1412 2541 1450 2603 oh
1475 2544 1571 2621 pontis

396 2650 495 2710 trabes
509 2649 588 2710 tabie
609 2667 740 2711 corrosos
759 2652 870 2711 intrare
884 2667 943 2710 non
957 2650 1046 2711 licuit.
1084 2649 1160 2709 Dum
1182 2650 1270 2724 igitur
1285 2650 1370 2708 situm
1385 2649 1463 2709 arcis
1479 2650 1571 2711 cousi·

398 2755 544 2831 dommus,
567 2758 646 2816 venit
658 2755 796 2817 hibertus
812 2756 944 2816 Piscator
955 2757 1046 2829 judex
1060 2757 1091 2817 iu
1105 2756 1310 2830 Blankenbnrg
1324 2756 1438 2815 nomine
1455 2761 1571 2815 senatus

396 2846 695 2936 B'lanckenburgensis
709 2878 814 2936 rogans
829 2867 862 2920 ut
876 2878 940 2921 cum
958 2875 1047 2921 uxore
1063 2861 1163 2922 urbem
1178 2861 1289 2935 ingredi
1303 2859 1501 2937 dignaremur,
1518 2876 1572 2935 quo

398 2966 460 3039 ejus
475 2973 505 3025 et
519 2968 610 3026 nostri
630 2968 761 3028 notitiam
779 2967 888 3027 habere
909 2973 939 3027 et
961 2969 1028 3027 vino
1043 2982 1095 3025 nos
1110 2966 1254 3027 honorare
1268 2970 1396 3041 possent.
1435 2966 1572 3039 Quamuis
1599 3043 1602 3047 Ι

399 3086 476 3143 aegre
496 3074 736 3148 consenserimus,
765 3080 860 3134 tamen
874 3073 979 3133 civium
992 3073 1198 3131 humanitatem
1213 3054 1380 3132 incivilitate
1394 3076 1502 3131 nostra
1516 3088 1572 3131 uon

398 3174 575 3235 obruendam
588 3180 646 3237 rati
666 3195 718 3254 per
741 3179 850 3239 declive
869 3179 973 3239 montis
992 3176 1196 3237 descendentes
1211 3177 1300 3250 podes
1313 3176 1412 3236 urbem
1427 3178 1573 3237 intramus

396 3286 477 3367 recta
497 3282 612 3343 domum
629 3282 744 3344 Alberti
767 3284 922 3343 Piscatoris
944 3283 1093 3356 adeuntes,
1116 3282 1166 3342 nbi
1176 3284 1237 3357 Jam
1251 3286 1312 3341 tum
1326 3282 1357 3341 in
1371 3282 1468 3343 medio
1484 3282 1573 3341 curiae

283 3459 287 3472 „
396 3387 449 3446 snb
464 3386 631 3448 diomensae
654 3391 754 3465 positae
775 3393 867 3448 erant.
908 3388 1038 3447 Smutata
1058 3388 1145 3463 igitur
1166 3404 1255 3447 uxore
1274 3392 1304 3446 et
1324 3387 1422 3447 liberis
1444 3390 1512 3461 ejus
1527 3388 1574 3446 vix

395 3493 634 3566 consedebamus,
655 3495 725 3568 quin
743 3494 914 3553 secretarium
936 3492 1017 3553 urbis
1031 3510 1095 3553 cum
1109 3494 1200 3554 altero
1215 3493 1363 3553 consulum
1377 3492 1496 3553 adesset
1511 3492 1573 3553 feli-

397 3612 459 3656 cem
480 3605 610 3659 nostrum
630 3600 785 3661 adventum
808 3598 871 3659 iore
890 3603 1054 3673 precantes,
1080 3599 1267 3675 propinantes
1290 3599 1358 3659 uina
1380 3604 1411 3659 et
1432 3598 1574 3675 quicquid

395 3704 472 3777 apud
485 3704 562 3779 ipsos
576 3705 748 3779 insumptari
769 3722 908 3780 essemus,
933 3712 1075 3779 praeterea
1097 3710 1127 3765 et
1141 3720 1194 3764 sna
1208 3702 1303 3763 officis
1319 3701 1496 3763 deferentes.
1520 3704 1571 3763 Al·

395 3807 494 3867 bertus
508 3812 639 3871 Piscator
653 3812 779 3873 variolos
794 3813 885 3885 pisces
901 3813 1019 3887 opipare
1035 3815 1161 3871 coxerat.
1201 3810 1342 3869 Jnssimns
1358 3809 1449 3883 igitur
1464 3824 1572 3869 consu·

394 3912 452 3973 lem
466 3918 496 3972 et
510 3932 576 3976 snos
590 3918 715 3977 asseclas
734 3917 862 3977 assidere
883 3934 918 3976 ac
940 3919 1002 3977 sitis
1015 3917 1181 3990 laudaque
1202 3920 1345 3975 crateram
1359 3915 1483 3975 invicem
1499 3913 1573 3975 bibi·

394 4035 457 4077 mus
473 4027 606 4081 caventes
621 4039 640 4081 a
653 4024 749 4082 tertio.
786 4024 858 4082 Mox
873 4039 987 4096 qnoque
1001 4024 1198 4097 ludimagister
1218 4026 1247 4080 et
1261 4022 1344 4096 pueri
1359 4020 1496 4095 aderant,
1515 4022 1573 4079 imo

396 4130 425 4183 et
445 4130 593 4187 senatores
615 4130 738 4203 ahquot,
760 4122 869 4189 musica
889 4146 974 4189 aures
998 4134 1112 4189 nostras
1135 4127 1335 4187 demulcentes.
1373 4126 1414 4186 Et
1436 4124 1574 4202 proiecto

394 4232 490 4291 mirati
505 4249 600 4292 sumus
615 4235 822 4294 humanitatem
835 4235 939 4302 horum
947 4236 1061 4308 civium,
1078 4235 1128 4309 qni
1142 4233 1274 4307 ampliori
1283 4232 1355 4293 urbe
1366 4231 1449 4306 digni
1461 4237 1572 4292 essent

390 4336 479 4395 Venit
493 4342 523 4395 et
537 4338 654 4411 quidam
668 4329 816 4413 Andreas,
838 4340 888 4412 qni
908 4340 1006 4399 uxoris
1027 4340 1094 4399 olim
1114 4337 1253 4397 nutricius
1274 4335 1369 4396 fuerat
1389 4342 1418 4396 et
1439 4342 1575 4411 quaestor

391 4442 511 4500 aeramm
526 4443 557 4501 in
573 4444 799 4517 Schwartzburg.
832 4443 946 4505 ‚Consul
968 4445 987 4504 J
989 4460 1096 4505 oannes
1120 4443 1204 4504 Hsck
1225 4442 1340 4501 diversa
1354 4441 1437 4503 nobis
1454 4442 1493 4501 de
1510 4441 1572 4501 for·

391 4548 462 4603 tuna
476 4550 506 4603 et
525 4545 585 4607 fato
606 4549 759 4609 civitatula
779 4547 864 4623 hujus
883 4555 913 4609 et
937 4548 1015 4623 quod
1036 4555 1142 4623 praeter
1161 4545 1323 4607 incendium
1343 4547 1455 4621 grando
1478 4548 1575 4608 semel

391 4657 478 4723 atque
496 4652 602 4710 iterum
622 4658 734 4727 segetes
750 4654 940 4728 concusserit,
956 4654 1065 4714 retulit.
1103 4652 1184 4713 idem
1207 4651 1284 4739 qnod
1298 4650 1397 4725 oppidi
1411 4651 1519 4712 incolae
1536 4666 1574 4709 ex

390 4754 539 4844 vinearum
554 4761 584 4815 et
597 4773 733 4832 agrorum
747 4758 860 4817 cultura
878 4758 1023 4831 victitent;
1044 4764 1141 4819 tamma
1161 4762 1194 4817 ut
1207 4761 1310 4818 ceterae
1326 4757 1456 4817 ciuitates
1470 4758 1575 4817 nullas

391 4856 518 4917 habeant
531 4862 578 4923 vel
592 4861 735 4924 nundinas
748 4863 795 4922 uel
809 4863 1036 4943 negociationos,
1060 4862 1189 4927 nonnulii
1209 4876 1324 4939 qnoque
1339 4878 1439 4929 eorum
1454 4879 1492 4927 ex
1508 4866 1572 4940 pis·
