<?xml version="1.0" encoding="UTF-8"?>
<!DOCTYPE html PUBLIC "-//W3C//DTD XHTML 1.0 Transitional//EN"
    "http://www.w3.org/TR/xhtml1/DTD/xhtml1-transitional.dtd">
<html xmlns="http://www.w3.org/1999/xhtml" xml:lang="en" lang="en">
 <head>
  <title>
</title>
<meta http-equiv="Content-Type" content="text/html;charset=utf-8" />
  <meta name='ocr-system' content='tesseract 3.04.00' />
  <meta name='ocr-capabilities' content='ocr_page ocr_carea ocr_par ocr_line ocrx_word'/>
</head>
<body>
  <div class='ocr_page' id='page_1' title='image "./scherzgedichte01laurgoog/scherzgedichte01laurgoog_0544.png"; bbox 0 0 3700 5692; ppageno 0'>
   <div class='ocr_carea' id='block_1_1' title="bbox 857 754 926 826">
    <p class='ocr_par' dir='ltr' id='par_1_1' title="bbox 857 754 926 826">
     <span class='ocr_line' id='line_1_1' title="bbox 857 754 926 826; baseline 0 0"><span class='ocrx_word' id='word_1_1' title='bbox 857 754 926 826; x_wconf 74' lang='lat'><strong>203</strong></span> 
     </span>
    </p>
   </div>
   <div class='ocr_carea' id='block_1_2' title="bbox 304 931 1530 1022">
    <p class='ocr_par' dir='ltr' id='par_1_2' title="bbox 304 931 1530 1022">
     <span class='ocr_line' id='line_1_2' title="bbox 304 931 1530 1022; baseline 0.002 -20"><span class='ocrx_word' id='word_1_2' title='bbox 304 941 1245 1018; x_wconf 73' lang='lat' dir='ltr'><strong>mgistercnmpuerispsalmmngernmieerersumomtorit</strong></span> <span class='ocrx_word' id='word_1_3' title='bbox 1280 944 1478 1022; x_wconf 82' lang='lat' dir='ltr'><strong>llinisterpe-</strong></span> <span class='ocrx_word' id='word_1_4' title='bbox 1527 931 1530 935; x_wconf 69' lang='grc'><strong>’</strong></span> 
     </span>
    </p>
   </div>
   <div class='ocr_carea' id='block_1_3' title="bbox 300 1048 1479 4932">
    <p class='ocr_par' dir='ltr' id='par_1_3' title="bbox 303 1048 1479 1440">
     <span class='ocr_line' id='line_1_3' title="bbox 303 1048 1479 1125; baseline 0.005 -17"><span class='ocrx_word' id='word_1_5' title='bbox 303 1064 368 1108; x_wconf 77' lang='lat' dir='ltr'><strong>oem</strong></span> <span class='ocrx_word' id='word_1_6' title='bbox 387 1049 497 1123; x_wconf 76' lang='lat' dir='ltr'><strong>populo</strong></span> <span class='ocrx_word' id='word_1_7' title='bbox 519 1052 656 1123; x_wconf 79' lang='lat' dir='ltr'><strong>precatus</strong></span> <span class='ocrx_word' id='word_1_8' title='bbox 674 1050 807 1109; x_wconf 79' lang='lat' dir='ltr'><strong>oratione</strong></span> <span class='ocrx_word' id='word_1_9' title='bbox 826 1049 956 1123; x_wconf 72' lang='lat' dir='ltr'><strong>perteue</strong></span> <span class='ocrx_word' id='word_1_10' title='bbox 977 1054 1076 1108; x_wconf 89' lang='lat' dir='ltr'><strong>nostro</strong></span> <span class='ocrx_word' id='word_1_11' title='bbox 1099 1048 1239 1109; x_wconf 74' lang='lat' dir='ltr'><strong>catalecto</strong></span> <span class='ocrx_word' id='word_1_12' title='bbox 1261 1053 1368 1125; x_wconf 77' lang='lat' dir='ltr'><strong>populo</strong></span> <span class='ocrx_word' id='word_1_13' title='bbox 1387 1052 1479 1115; x_wconf 83' lang='lat' dir='ltr'><strong>Amen</strong></span> 
     </span>
     <span class='ocr_line' id='line_1_4' title="bbox 303 1154 1476 1229; baseline 0.008 -17"><span class='ocrx_word' id='word_1_14' title='bbox 303 1154 510 1229; x_wconf 73' lang='lat' dir='ltr'>respondente,</span> <span class='ocrx_word' id='word_1_15' title='bbox 525 1170 642 1214; x_wconf 88' lang='lat' dir='ltr'><strong>rursum</strong></span> <span class='ocrx_word' id='word_1_16' title='bbox 652 1156 782 1214; x_wconf 88' lang='lat' dir='ltr'><strong>minister</strong></span> <span class='ocrx_word' id='word_1_17' title='bbox 790 1154 1017 1215; x_wconf 84' lang='lat' dir='ltr'><strong>»Benedicamus</strong></span> <span class='ocrx_word' id='word_1_18' title='bbox 1032 1154 1167 1213; x_wconf 81' lang='lat' dir='ltr'><strong>domino«</strong></span> <span class='ocrx_word' id='word_1_19' title='bbox 1185 1156 1288 1215; x_wconf 83' lang='lat' dir='ltr'><strong>oecirdt</strong></span> <span class='ocrx_word' id='word_1_20' title='bbox 1302 1163 1333 1216; x_wconf 88' lang='lat' dir='ltr'><strong>et</strong></span> <span class='ocrx_word' id='word_1_21' title='bbox 1347 1174 1412 1217; x_wconf 91' lang='lat' dir='ltr'><strong>cum</strong></span> <span class='ocrx_word' id='word_1_22' title='bbox 1427 1161 1476 1221; x_wconf 74' lang='lat' dir='ltr'><strong>be</strong></span> 
     </span>
     <span class='ocr_line' id='line_1_5' title="bbox 304 1258 1478 1334; baseline 0.007 -16"><span class='ocrx_word' id='word_1_23' title='bbox 304 1258 470 1326; x_wconf 71' lang='lat' dir='ltr'><strong>nodicdone</strong></span> <span class='ocrx_word' id='word_1_24' title='bbox 487 1260 627 1334; x_wconf 70' lang='lat' dir='ltr'><strong>monium</strong></span> <span class='ocrx_word' id='word_1_25' title='bbox 641 1260 846 1333; x_wconf 69' lang='lat' dir='ltr'><strong>audaciamque</strong></span> <span class='ocrx_word' id='word_1_26' title='bbox 863 1260 979 1319; x_wconf 77' lang='lat' dir='ltr'><strong>(limisit,</strong></span> <span class='ocrx_word' id='word_1_27' title='bbox 1024 1260 1063 1319; x_wconf 82' lang='grc' dir='ltr'><strong>Ει</strong></span> <span class='ocrx_word' id='word_1_28' title='bbox 1077 1259 1108 1317; x_wconf 87' lang='lat' dir='ltr'><strong>hi</strong></span> <span class='ocrx_word' id='word_1_29' title='bbox 1123 1266 1190 1321; x_wconf 89' lang='lat' dir='ltr'><strong>suut</strong></span> <span class='ocrx_word' id='word_1_30' title='bbox 1204 1262 1278 1321; x_wconf 88' lang='lat' dir='ltr'><strong>ritus</strong></span> <span class='ocrx_word' id='word_1_31' title='bbox 1293 1264 1478 1327; x_wconf 84' lang='lat' dir='ltr'><strong>ecclesiastici</strong></span> 
     </span>
     <span class='ocr_line' id='line_1_6' title="bbox 304 1364 1463 1440; baseline -0.002 -15"><span class='ocrx_word' id='word_1_32' title='bbox 304 1364 539 1440; x_wconf 76' lang='lat' dir='ltr'><strong>apudWerdam</strong></span> <span class='ocrx_word' id='word_1_33' title='bbox 549 1364 688 1425; x_wconf 76' lang='lat' dir='ltr'><strong>Dmubi.</strong></span> <span class='ocrx_word' id='word_1_34' title='bbox 1458 1394 1463 1400; x_wconf 94' lang='lat'>·</span> 
     </span>
    </p>

    <p class='ocr_par' dir='ltr' id='par_1_4' title="bbox 300 1470 1479 2286">
     <span class='ocr_line' id='line_1_7' title="bbox 394 1470 1479 1549; baseline 0.006 -20"><span class='ocrx_word' id='word_1_35' title='bbox 394 1470 473 1529; x_wconf 78' lang='lat' dir='ltr'><strong>llum</strong></span> <span class='ocrx_word' id='word_1_36' title='bbox 487 1471 693 1545; x_wconf 69' lang='lat' dir='ltr'><strong>pranderemus</strong></span> <span class='ocrx_word' id='word_1_37' title='bbox 704 1477 846 1530; x_wconf 84' lang='lat' dir='ltr'><strong>venerunt</strong></span> <span class='ocrx_word' id='word_1_38' title='bbox 858 1472 953 1532; x_wconf 86' lang='lat' dir='ltr'><strong>scriba</strong></span> <span class='ocrx_word' id='word_1_39' title='bbox 968 1470 1083 1547; x_wconf 83' lang='lat' dir='ltr'><strong>quidam</strong></span> <span class='ocrx_word' id='word_1_40' title='bbox 1098 1471 1201 1531; x_wconf 89' lang='lat' dir='ltr'><strong>ducum</strong></span> <span class='ocrx_word' id='word_1_41' title='bbox 1213 1472 1479 1549; x_wconf 80' lang='lat' dir='ltr'><strong>Luueburgensium</strong></span> 
     </span>
     <span class='ocr_line' id='line_1_8' title="bbox 304 1576 1479 1655; baseline 0.005 -18"><span class='ocrx_word' id='word_1_42' title='bbox 304 1583 336 1637; x_wconf 92' lang='lat' dir='ltr'><strong>et</strong></span> <span class='ocrx_word' id='word_1_43' title='bbox 349 1592 454 1635; x_wconf 81' lang='lat' dir='ltr'><strong>servus</strong></span> <span class='ocrx_word' id='word_1_44' title='bbox 468 1576 582 1636; x_wconf 81' lang='lat' dir='ltr'><strong>Nicolni</strong></span> <span class='ocrx_word' id='word_1_45' title='bbox 594 1576 632 1635; x_wconf 91' lang='lat' dir='ltr'><strong>de</strong></span> <span class='ocrx_word' id='word_1_46' title='bbox 645 1576 794 1650; x_wconf 83' lang='lat' dir='ltr'><strong>Rotdorli,</strong></span> <span class='ocrx_word' id='word_1_47' title='bbox 816 1579 865 1651; x_wconf 86' lang='lat' dir='ltr'><strong>qui</strong></span> <span class='ocrx_word' id='word_1_48' title='bbox 887 1578 1029 1637; x_wconf 73' lang='lat' dir='ltr'><strong>cardinali</strong></span> <span class='ocrx_word' id='word_1_49' title='bbox 1048 1577 1218 1653; x_wconf 76' lang='lat' dir='ltr'><strong>Angustam</strong></span> <span class='ocrx_word' id='word_1_50' title='bbox 1236 1580 1338 1655; x_wconf 75' lang='lat' dir='ltr'><strong>vigildi</strong></span> <span class='ocrx_word' id='word_1_51' title='bbox 1352 1580 1479 1643; x_wconf 76' lang='lat' dir='ltr'><strong>caballos</strong></span> 
     </span>
     <span class='ocr_line' id='line_1_9' title="bbox 302 1681 1479 1759; baseline 0.006 -17"><span class='ocrx_word' id='word_1_52' title='bbox 302 1682 477 1742; x_wconf 80' lang='lat' dir='ltr'><strong>adduxerat</strong></span> <span class='ocrx_word' id='word_1_53' title='bbox 514 1681 591 1741; x_wconf 80' lang='lat' dir='ltr'><strong>liam</strong></span> <span class='ocrx_word' id='word_1_54' title='bbox 612 1683 746 1743; x_wconf 83' lang='lat' dir='ltr'><strong>carmbus</strong></span> <span class='ocrx_word' id='word_1_55' title='bbox 767 1685 879 1756; x_wconf 80' lang='lat' dir='ltr'><strong>equinis</strong></span> <span class='ocrx_word' id='word_1_56' title='bbox 899 1685 987 1745; x_wconf 81' lang='lat' dir='ltr'><strong>etiam</strong></span> <span class='ocrx_word' id='word_1_57' title='bbox 1006 1689 1231 1759; x_wconf 82' lang='lat' dir='ltr'><strong>purpuratorum</strong></span> <span class='ocrx_word' id='word_1_58' title='bbox 1251 1683 1327 1743; x_wconf 88' lang='lat' dir='ltr'><strong>rubii</strong></span> <span class='ocrx_word' id='word_1_59' title='bbox 1347 1686 1479 1748; x_wconf 81' lang='lat' dir='ltr'><strong>droconis</strong></span> 
     </span>
     <span class='ocr_line' id='line_1_10' title="bbox 302 1766 1478 1868; baseline 0.006 -23"><span class='ocrx_word' id='word_1_60' title='bbox 302 1789 403 1863; x_wconf 75' lang='lat' dir='ltr'><strong>gretia</strong></span> <span class='ocrx_word' id='word_1_61' title='bbox 417 1787 538 1847; x_wconf 65' lang='lat' dir='ltr'><strong>cuneum</strong></span> <span class='ocrx_word' id='word_1_62' title='bbox 552 1766 606 1847; x_wconf 80' lang='lat' dir='ltr'><strong>est</strong></span> <span class='ocrx_word' id='word_1_63' title='bbox 644 1787 724 1847; x_wconf 87' lang='lat' dir='ltr'><strong>Idem</strong></span> <span class='ocrx_word' id='word_1_64' title='bbox 743 1804 858 1863; x_wconf 82' lang='lat' dir='ltr'><strong>quoque</strong></span> <span class='ocrx_word' id='word_1_65' title='bbox 877 1804 979 1849; x_wconf 86' lang='lat' dir='ltr'><strong>rursus</strong></span> <span class='ocrx_word' id='word_1_66' title='bbox 1001 1790 1164 1863; x_wconf 81' lang='lat' dir='ltr'><strong>episcopum</strong></span> <span class='ocrx_word' id='word_1_67' title='bbox 1179 1790 1363 1851; x_wconf 88' lang='lat' dir='ltr'><strong>Bremeusem</strong></span> <span class='ocrx_word' id='word_1_68' title='bbox 1378 1793 1478 1868; x_wconf 79' lang='lat' dir='ltr'><strong>Angu-</strong></span> 
     </span>
     <span class='ocr_line' id='line_1_11' title="bbox 301 1891 1478 1971; baseline 0.005 -17"><span class='ocrx_word' id='word_1_69' title='bbox 301 1900 380 1954; x_wconf 82' lang='lat' dir='ltr'><strong>stam</strong></span> <span class='ocrx_word' id='word_1_70' title='bbox 392 1891 555 1967; x_wconf 72' lang='lat' dir='ltr'><strong>mofectum</strong></span> <span class='ocrx_word' id='word_1_71' title='bbox 567 1893 659 1967; x_wconf 86' lang='lat' dir='ltr'><strong>dixit,</strong></span> <span class='ocrx_word' id='word_1_72' title='bbox 683 1897 862 1953; x_wconf 77' lang='lat' dir='ltr'><strong>annuncians</strong></span> <span class='ocrx_word' id='word_1_73' title='bbox 880 1910 993 1968; x_wconf 84' lang='lat' dir='ltr'><strong>quoque</strong></span> <span class='ocrx_word' id='word_1_74' title='bbox 1013 1900 1135 1953; x_wconf 83' lang='lat' dir='ltr'><strong>mortem</strong></span> <span class='ocrx_word' id='word_1_75' title='bbox 1151 1896 1258 1963; x_wconf 69' lang='lat' dir='ltr'><strong>,nobilis</strong></span> <span class='ocrx_word' id='word_1_76' title='bbox 1279 1904 1309 1957; x_wconf 89' lang='lat' dir='ltr'><strong>ct</strong></span> <span class='ocrx_word' id='word_1_77' title='bbox 1322 1900 1478 1971; x_wconf 76' lang='lat' dir='ltr'><strong>predivitis</strong></span> 
     </span>
     <span class='ocr_line' id='line_1_12' title="bbox 300 1998 1477 2073; baseline 0.005 -14"><span class='ocrx_word' id='word_1_78' title='bbox 300 1999 405 2059; x_wconf 80' lang='lat' dir='ltr'><strong>multis</strong></span> <span class='ocrx_word' id='word_1_79' title='bbox 419 1998 503 2058; x_wconf 66' lang='lat' dir='ltr'><strong>mnia</strong></span> <span class='ocrx_word' id='word_1_80' title='bbox 517 2000 651 2073; x_wconf 75' lang='lat' dir='ltr'><strong>pretini</strong></span> <span class='ocrx_word' id='word_1_81' title='bbox 669 2000 725 2058; x_wconf 85' lang='lat' dir='ltr'><strong>viri</strong></span> <span class='ocrx_word' id='word_1_82' title='bbox 740 2000 864 2059; x_wconf 82' lang='lat' dir='ltr'><strong>Simonis</strong></span> <span class='ocrx_word' id='word_1_83' title='bbox 884 1999 922 2058; x_wconf 88' lang='lat' dir='ltr'><strong>dc</strong></span> <span class='ocrx_word' id='word_1_84' title='bbox 937 2000 1047 2059; x_wconf 85' lang='lat' dir='ltr'><strong>Wendt</strong></span> <span class='ocrx_word' id='word_1_85' title='bbox 1060 2001 1090 2059; x_wconf 91' lang='lat' dir='ltr'><strong>in</strong></span> <span class='ocrx_word' id='word_1_86' title='bbox 1105 2001 1256 2061; x_wconf 88' lang='lat' dir='ltr'><strong>Vornholt.</strong></span> <span class='ocrx_word' id='word_1_87' title='bbox 1294 2003 1382 2063; x_wconf 82' lang='lat' dir='ltr'><strong>Fexit</strong></span> <span class='ocrx_word' id='word_1_88' title='bbox 1395 2004 1477 2064; x_wconf 80' lang='lat' dir='ltr'><strong>chri-</strong></span> 
     </span>
     <span class='ocr_line' id='line_1_13' title="bbox 302 2102 1478 2183; baseline 0.003 -18"><span class='ocrx_word' id='word_1_89' title='bbox 302 2111 369 2165; x_wconf 84' lang='lat' dir='ltr'><strong>stus</strong></span> <span class='ocrx_word' id='word_1_90' title='bbox 383 2109 419 2162; x_wconf 85' lang='grc' dir='ltr'><strong>ιιι</strong></span> <span class='ocrx_word' id='word_1_91' title='bbox 431 2102 511 2163; x_wconf 82' lang='lat' dir='ltr'><strong>illum</strong></span> <span class='ocrx_word' id='word_1_92' title='bbox 532 2120 596 2163; x_wconf 86' lang='lat' dir='ltr'><strong>cum</strong></span> <span class='ocrx_word' id='word_1_93' title='bbox 609 2106 741 2164; x_wconf 87' lang='lat' dir='ltr'><strong>omnibus</strong></span> <span class='ocrx_word' id='word_1_94' title='bbox 761 2104 869 2163; x_wconf 61' lang='lat' dir='ltr'><strong>sanem</strong></span> <span class='ocrx_word' id='word_1_95' title='bbox 882 2107 914 2163; x_wconf 93' lang='lat' dir='ltr'><strong>in</strong></span> <span class='ocrx_word' id='word_1_96' title='bbox 928 2105 979 2164; x_wconf 84' lang='lat' dir='ltr'><strong>illa</strong></span> <span class='ocrx_word' id='word_1_97' title='bbox 993 2106 1040 2165; x_wconf 90' lang='lat' dir='ltr'><strong>die</strong></span> <span class='ocrx_word' id='word_1_98' title='bbox 1055 2105 1155 2165; x_wconf 87' lang='lat' dir='ltr'><strong>videre</strong></span> <span class='ocrx_word' id='word_1_99' title='bbox 1169 2106 1324 2166; x_wconf 77' lang='lat' dir='ltr'><strong>veleamus.</strong></span> <span class='ocrx_word' id='word_1_100' title='bbox 1363 2108 1407 2168; x_wconf 88' lang='lat' dir='ltr'><strong>Sit</strong></span> <span class='ocrx_word' id='word_1_101' title='bbox 1420 2124 1478 2183; x_wconf 78' lang='lat' dir='ltr'><strong>pax</strong></span> 
     </span>
     <span class='ocr_line' id='line_1_14' title="bbox 303 2208 1228 2286; baseline 0 -15"><span class='ocrx_word' id='word_1_102' title='bbox 303 2211 383 2271; x_wconf 79' lang='lat' dir='ltr'><strong>rivis</strong></span> <span class='ocrx_word' id='word_1_103' title='bbox 397 2215 430 2270; x_wconf 84' lang='lat' dir='ltr'><strong>et</strong></span> <span class='ocrx_word' id='word_1_104' title='bbox 441 2212 558 2284; x_wconf 82' lang='lat' dir='ltr'><strong>requies</strong></span> <span class='ocrx_word' id='word_1_105' title='bbox 571 2208 722 2284; x_wconf 80' lang='lat' dir='ltr'><strong>defunctis,</strong></span> <span class='ocrx_word' id='word_1_106' title='bbox 737 2212 769 2270; x_wconf 93' lang='lat' dir='ltr'><strong>iu</strong></span> <span class='ocrx_word' id='word_1_107' title='bbox 781 2210 890 2286; x_wconf 76' lang='lat' dir='ltr'><strong>populo</strong></span> <span class='ocrx_word' id='word_1_108' title='bbox 903 2212 1027 2271; x_wconf 84' lang='lat' dir='ltr'><strong>maxime</strong></span> <span class='ocrx_word' id='word_1_109' title='bbox 1043 2210 1155 2271; x_wconf 74' lang='lat' dir='ltr'><strong>Christe</strong></span> <span class='ocrx_word' id='word_1_110' title='bbox 1169 2217 1228 2272; x_wconf 91' lang='lat' dir='ltr'><strong>tuo.</strong></span> 
     </span>
    </p>

    <p class='ocr_par' dir='ltr' id='par_1_5' title="bbox 302 2316 1478 2589">
     <span class='ocr_line' id='line_1_15' title="bbox 395 2316 1478 2390; baseline 0.006 -15"><span class='ocrx_word' id='word_1_111' title='bbox 395 2316 511 2390; x_wconf 77' lang='lat' dir='ltr'><strong>Hospes</strong></span> <span class='ocrx_word' id='word_1_112' title='bbox 523 2318 632 2377; x_wconf 79' lang='lat' dir='ltr'><strong>loanni</strong></span> <span class='ocrx_word' id='word_1_113' title='bbox 644 2316 795 2377; x_wconf 77' lang='lat' dir='ltr'><strong>liidcrioo</strong></span> <span class='ocrx_word' id='word_1_114' title='bbox 818 2317 937 2377; x_wconf 86' lang='lat' dir='ltr'><strong>electori</strong></span> <span class='ocrx_word' id='word_1_115' title='bbox 958 2333 1074 2376; x_wconf 89' lang='lat' dir='ltr'><strong>currum</strong></span> <span class='ocrx_word' id='word_1_116' title='bbox 1095 2334 1178 2377; x_wconf 88' lang='lat' dir='ltr'><strong>suum</strong></span> <span class='ocrx_word' id='word_1_117' title='bbox 1197 2324 1326 2378; x_wconf 87' lang='lat' dir='ltr'><strong>mutuum</strong></span> <span class='ocrx_word' id='word_1_118' title='bbox 1345 2318 1427 2380; x_wconf 74' lang='lat' dir='ltr'><strong>deffit</strong></span> <span class='ocrx_word' id='word_1_119' title='bbox 1439 2320 1478 2381; x_wconf 89' lang='lat' dir='ltr'><strong>ad</strong></span> 
     </span>
     <span class='ocr_line' id='line_1_16' title="bbox 302 2420 1478 2501; baseline 0.003 -18"><span class='ocrx_word' id='word_1_120' title='bbox 302 2420 506 2483; x_wconf 77' lang='lat' dir='ltr'><strong>advehendam</strong></span> <span class='ocrx_word' id='word_1_121' title='bbox 523 2422 691 2485; x_wconf 64' lang='lat' dir='ltr'><strong>centium</strong></span> <span class='ocrx_word' id='word_1_122' title='bbox 712 2422 938 2497; x_wconf 72' lang='lat' dir='ltr'><strong>eschinebach,</strong></span> <span class='ocrx_word' id='word_1_123' title='bbox 968 2438 1027 2496; x_wconf 75' lang='lat' dir='ltr'><strong>quc</strong></span> <span class='ocrx_word' id='word_1_124' title='bbox 1048 2429 1109 2483; x_wconf 85' lang='lat' dir='ltr'><strong>tem</strong></span> <span class='ocrx_word' id='word_1_125' title='bbox 1133 2423 1241 2483; x_wconf 87' lang='lat' dir='ltr'><strong>elector</strong></span> <span class='ocrx_word' id='word_1_126' title='bbox 1257 2425 1322 2485; x_wconf 88' lang='lat' dir='ltr'><strong>loco</strong></span> <span class='ocrx_word' id='word_1_127' title='bbox 1346 2426 1478 2501; x_wconf 72' lang='lat' dir='ltr'><strong>Tugicoe</strong></span> 
     </span>
     <span class='ocr_line' id='line_1_17' title="bbox 303 2529 1064 2589; baseline 0.007 -37"><span class='ocrx_word' id='word_1_128' title='bbox 303 2529 455 2589; x_wconf 38' lang='lat' dir='ltr'><strong>m·</strong></span> <span class='ocrx_word' id='word_1_129' title='bbox 1061 2552 1064 2557; x_wconf 90' lang='lat'><em>.</em></span> 
     </span>
    </p>

    <p class='ocr_par' dir='ltr' id='par_1_6' title="bbox 300 2632 1477 2816">
     <span class='ocr_line' id='line_1_18' title="bbox 395 2632 1477 2710; baseline 0.006 -17"><span class='ocrx_word' id='word_1_130' title='bbox 395 2634 511 2709; x_wconf 82' lang='lat' dir='ltr'><strong>Hospes</strong></span> <span class='ocrx_word' id='word_1_131' title='bbox 528 2648 583 2693; x_wconf 87' lang='lat' dir='ltr'><strong>noa</strong></span> <span class='ocrx_word' id='word_1_132' title='bbox 603 2632 722 2694; x_wconf 79' lang='lat' dir='ltr'><strong>denovit</strong></span> <span class='ocrx_word' id='word_1_133' title='bbox 735 2634 867 2695; x_wconf 84' lang='lat' dir='ltr'><strong>oratione</strong></span> <span class='ocrx_word' id='word_1_134' title='bbox 881 2635 1026 2709; x_wconf 87' lang='lat' dir='ltr'><strong>electoris,</strong></span> <span class='ocrx_word' id='word_1_135' title='bbox 1051 2650 1164 2710; x_wconf 81' lang='lat' dir='ltr'><strong>exque</strong></span> <span class='ocrx_word' id='word_1_136' title='bbox 1183 2633 1268 2709; x_wconf 79' lang='lat' dir='ltr'><strong>facile</strong></span> <span class='ocrx_word' id='word_1_137' title='bbox 1288 2639 1477 2699; x_wconf 86' lang='lat' dir='ltr'><strong>constantiam</strong></span> 
     </span>
     <span class='ocr_line' id='line_1_19' title="bbox 300 2738 1428 2816; baseline 0.006 -18"><span class='ocrx_word' id='word_1_138' title='bbox 300 2744 369 2815; x_wconf 85' lang='lat' dir='ltr'><strong>ejus</strong></span> <span class='ocrx_word' id='word_1_139' title='bbox 382 2739 480 2799; x_wconf 79' lang='lat' dir='ltr'><strong>metiri</strong></span> <span class='ocrx_word' id='word_1_140' title='bbox 495 2745 550 2799; x_wconf 85' lang='lat' dir='ltr'><strong>est</strong></span> <span class='ocrx_word' id='word_1_141' title='bbox 572 2740 721 2799; x_wconf 78' lang='lat' dir='ltr'><strong>Memento</strong></span> <span class='ocrx_word' id='word_1_142' title='bbox 735 2742 807 2815; x_wconf 86' lang='lat' dir='ltr'><strong>ejus,</strong></span> <span class='ocrx_word' id='word_1_143' title='bbox 821 2740 980 2816; x_wconf 75' lang='lat' dir='ltr'><strong>oduuino,</strong></span> <span class='ocrx_word' id='word_1_144' title='bbox 997 2738 1153 2801; x_wconf 79' lang='lat' dir='ltr'><strong>secundum</strong></span> <span class='ocrx_word' id='word_1_145' title='bbox 1167 2742 1325 2803; x_wconf 77' lang='lat' dir='ltr'><strong>mmtstem</strong></span> <span class='ocrx_word' id='word_1_146' title='bbox 1339 2748 1428 2805; x_wconf 84' lang='lat' dir='ltr'><strong>tuem.</strong></span> 
     </span>
    </p>

    <p class='ocr_par' dir='ltr' id='par_1_7' title="bbox 302 2843 1478 3012">
     <span class='ocr_line' id='line_1_20' title="bbox 393 2843 1478 2923; baseline 0.005 -17"><span class='ocrx_word' id='word_1_147' title='bbox 393 2846 506 2906; x_wconf 86' lang='lat' dir='ltr'><strong>llmuor</strong></span> <span class='ocrx_word' id='word_1_148' title='bbox 526 2843 685 2920; x_wconf 70' lang='lat' dir='ltr'><strong>ferebatur,</strong></span> <span class='ocrx_word' id='word_1_149' title='bbox 700 2847 894 2907; x_wconf 80' lang='lat' dir='ltr'><strong>marchionem</strong></span> <span class='ocrx_word' id='word_1_150' title='bbox 908 2847 1060 2909; x_wconf 79' lang='lat' dir='ltr'><strong>libertum</strong></span> <span class='ocrx_word' id='word_1_151' title='bbox 1082 2851 1198 2921; x_wconf 84' lang='lat' dir='ltr'><strong>ceptum</strong></span> <span class='ocrx_word' id='word_1_152' title='bbox 1218 2864 1290 2923; x_wconf 88' lang='lat' dir='ltr'><strong>esse,</strong></span> <span class='ocrx_word' id='word_1_153' title='bbox 1313 2852 1367 2909; x_wconf 91' lang='lat' dir='ltr'><strong>sed</strong></span> <span class='ocrx_word' id='word_1_154' title='bbox 1388 2868 1478 2911; x_wconf 82' lang='lat' dir='ltr'><strong>renus</strong></span> 
     </span>
     <span class='ocr_line' id='line_1_21' title="bbox 302 2954 445 3012; baseline -0.007 0"><span class='ocrx_word' id='word_1_155' title='bbox 302 2954 356 3012; x_wconf 86' lang='lat' dir='ltr'><strong>iric</strong></span> <span class='ocrx_word' id='word_1_156' title='bbox 368 2956 445 3011; x_wconf 82' lang='lat' dir='ltr'><strong>erat</strong></span> 
     </span>
    </p>

    <p class='ocr_par' dir='ltr' id='par_1_8' title="bbox 300 3055 1479 3859">
     <span class='ocr_line' id='line_1_22' title="bbox 394 3055 1479 3131; baseline 0.007 -14"><span class='ocrx_word' id='word_1_157' title='bbox 394 3056 457 3117; x_wconf 83' lang='lat' dir='ltr'><strong>Sub</strong></span> <span class='ocrx_word' id='word_1_158' title='bbox 469 3055 649 3117; x_wconf 87' lang='lat' dir='ltr'><strong>undecimam</strong></span> <span class='ocrx_word' id='word_1_159' title='bbox 669 3072 724 3131; x_wconf 82' lang='lat' dir='ltr'><strong>per</strong></span> <span class='ocrx_word' id='word_1_160' title='bbox 742 3058 831 3117; x_wconf 79' lang='lat' dir='ltr'><strong>adum</strong></span> <span class='ocrx_word' id='word_1_161' title='bbox 846 3062 1032 3121; x_wconf 82' lang='lat' dir='ltr'><strong>ecclesiasten</strong></span> <span class='ocrx_word' id='word_1_162' title='bbox 1055 3060 1155 3121; x_wconf 84' lang='lat' dir='ltr'><strong>habita</strong></span> <span class='ocrx_word' id='word_1_163' title='bbox 1170 3068 1214 3121; x_wconf 77' lang='lat' dir='ltr'><strong>cst</strong></span> <span class='ocrx_word' id='word_1_164' title='bbox 1228 3078 1312 3123; x_wconf 83' lang='lat' dir='ltr'><strong>sacre</strong></span> <span class='ocrx_word' id='word_1_165' title='bbox 1326 3065 1426 3126; x_wconf 86' lang='lat' dir='ltr'><strong>concio</strong></span> <span class='ocrx_word' id='word_1_166' title='bbox 1441 3064 1479 3125; x_wconf 89' lang='lat' dir='ltr'><strong>de</strong></span> 
     </span>
     <span class='ocr_line' id='line_1_23' title="bbox 300 3154 1478 3242; baseline 0.008 -19"><span class='ocrx_word' id='word_1_167' title='bbox 300 3154 437 3239; x_wconf 84' lang='lat' dir='ltr'><strong>symbolo</strong></span> <span class='ocrx_word' id='word_1_168' title='bbox 451 3161 519 3222; x_wconf 83' lang='lat' dir='ltr'><strong>fidei</strong></span> <span class='ocrx_word' id='word_1_169' title='bbox 533 3168 651 3237; x_wconf 74' lang='lat' dir='ltr'><strong>nosue,</strong></span> <span class='ocrx_word' id='word_1_170' title='bbox 665 3162 809 3222; x_wconf 86' lang='lat' dir='ltr'><strong>hominem</strong></span> <span class='ocrx_word' id='word_1_171' title='bbox 823 3166 940 3239; x_wconf 78' lang='lat' dir='ltr'><strong>quidem</strong></span> <span class='ocrx_word' id='word_1_172' title='bbox 953 3181 1011 3224; x_wconf 90' lang='lat' dir='ltr'><strong>non</strong></span> <span class='ocrx_word' id='word_1_173' title='bbox 1026 3165 1183 3241; x_wconf 87' lang='lat' dir='ltr'><strong>indoctum,</strong></span> <span class='ocrx_word' id='word_1_174' title='bbox 1199 3171 1250 3242; x_wconf 85' lang='lat' dir='ltr'><strong>qui</strong></span> <span class='ocrx_word' id='word_1_175' title='bbox 1265 3172 1307 3228; x_wconf 83' lang='lat' dir='ltr'><strong>ite</strong></span> <span class='ocrx_word' id='word_1_176' title='bbox 1321 3170 1478 3231; x_wconf 65' lang='lat' dir='ltr'><strong>sumente</strong></span> 
     </span>
     <span class='ocr_line' id='line_1_24' title="bbox 301 3268 1478 3347; baseline 0.008 -20"><span class='ocrx_word' id='word_1_177' title='bbox 301 3270 433 3346; x_wconf 83' lang='lat' dir='ltr'><strong>quedam</strong></span> <span class='ocrx_word' id='word_1_178' title='bbox 453 3275 485 3329; x_wconf 84' lang='grc' dir='ltr'><strong>ιιι</strong></span> <span class='ocrx_word' id='word_1_179' title='bbox 501 3268 661 3328; x_wconf 83' lang='lat' dir='ltr'><strong>christiana</strong></span> <span class='ocrx_word' id='word_1_180' title='bbox 682 3270 803 3329; x_wconf 81' lang='lat' dir='ltr'><strong>scientie</strong></span> <span class='ocrx_word' id='word_1_181' title='bbox 822 3271 918 3345; x_wconf 77' lang='lat' dir='ltr'><strong>cupite</strong></span> <span class='ocrx_word' id='word_1_182' title='bbox 936 3268 1005 3329; x_wconf 88' lang='lat' dir='ltr'><strong>fidei</strong></span> <span class='ocrx_word' id='word_1_183' title='bbox 1020 3277 1127 3329; x_wconf 75' lang='lat' dir='ltr'><strong>nostre</strong></span> <span class='ocrx_word' id='word_1_184' title='bbox 1142 3273 1318 3347; x_wconf 82' lang='lat' dir='ltr'><strong>perstrinxit,</strong></span> <span class='ocrx_word' id='word_1_185' title='bbox 1341 3280 1375 3334; x_wconf 94' lang='lat' dir='ltr'><strong>ut</strong></span> <span class='ocrx_word' id='word_1_186' title='bbox 1387 3277 1478 3336; x_wconf 87' lang='lat' dir='ltr'><strong>miror</strong></span> 
     </span>
     <span class='ocr_line' id='line_1_25' title="bbox 301 3374 1478 3452; baseline 0.002 -15"><span class='ocrx_word' id='word_1_187' title='bbox 301 3378 329 3437; x_wconf 88' lang='lat' dir='ltr'><strong>si</strong></span> <span class='ocrx_word' id='word_1_188' title='bbox 342 3375 403 3450; x_wconf 79' lang='lat' dir='ltr'><strong>ipsi</strong></span> <span class='ocrx_word' id='word_1_189' title='bbox 416 3376 506 3435; x_wconf 83' lang='lat' dir='ltr'><strong>ulium</strong></span> <span class='ocrx_word' id='word_1_190' title='bbox 526 3377 558 3434; x_wconf 91' lang='lat' dir='ltr'><strong>iu</strong></span> <span class='ocrx_word' id='word_1_191' title='bbox 579 3374 636 3435; x_wconf 83' lang='lat' dir='ltr'><strong>hac</strong></span> <span class='ocrx_word' id='word_1_192' title='bbox 655 3392 689 3435; x_wconf 91' lang='lat' dir='ltr'><strong>re</strong></span> <span class='ocrx_word' id='word_1_193' title='bbox 708 3375 765 3434; x_wconf 91' lang='lat' dir='ltr'><strong>sibi</strong></span> <span class='ocrx_word' id='word_1_194' title='bbox 784 3376 1017 3450; x_wconf 63' lang='lat' dir='ltr'><strong>parentalem,</strong></span> <span class='ocrx_word' id='word_1_195' title='bbox 1039 3374 1107 3434; x_wconf 91' lang='lat' dir='ltr'><strong>dum</strong></span> <span class='ocrx_word' id='word_1_196' title='bbox 1120 3376 1183 3447; x_wconf 85' lang='lat' dir='ltr'><strong>ejus</strong></span> <span class='ocrx_word' id='word_1_197' title='bbox 1197 3379 1369 3452; x_wconf 86' lang='lat' dir='ltr'><strong>compositos</strong></span> <span class='ocrx_word' id='word_1_198' title='bbox 1382 3394 1478 3440; x_wconf 87' lang='lat' dir='ltr'><strong>mures</strong></span> 
     </span>
     <span class='ocr_line' id='line_1_26' title="bbox 304 3480 1478 3555; baseline 0.002 -12"><span class='ocrx_word' id='word_1_199' title='bbox 304 3488 337 3543; x_wconf 94' lang='lat' dir='ltr'><strong>et</strong></span> <span class='ocrx_word' id='word_1_200' title='bbox 352 3482 548 3555; x_wconf 85' lang='lat' dir='ltr'><strong>eloquentiam</strong></span> <span class='ocrx_word' id='word_1_201' title='bbox 566 3482 775 3555; x_wconf 80' lang='lat' dir='ltr'><strong>scripturarum</strong></span> <span class='ocrx_word' id='word_1_202' title='bbox 795 3483 923 3541; x_wconf 82' lang='lat' dir='ltr'><strong>scientie</strong></span> <span class='ocrx_word' id='word_1_203' title='bbox 941 3483 1070 3555; x_wconf 85' lang='lat' dir='ltr'><strong>junctam</strong></span> <span class='ocrx_word' id='word_1_204' title='bbox 1085 3480 1259 3541; x_wconf 82' lang='lat' dir='ltr'><strong>consideres.</strong></span> <span class='ocrx_word' id='word_1_205' title='bbox 1296 3484 1478 3545; x_wconf 84' lang='lat' dir='ltr'><strong>Potissimum</strong></span> 
     </span>
     <span class='ocr_line' id='line_1_27' title="bbox 303 3586 1478 3664; baseline 0.002 -16"><span class='ocrx_word' id='word_1_206' title='bbox 303 3594 407 3648; x_wconf 69' lang='lat' dir='ltr'><strong>anwm</strong></span> <span class='ocrx_word' id='word_1_207' title='bbox 419 3587 537 3646; x_wconf 83' lang='lat' dir='ltr'><strong>tertiam</strong></span> <span class='ocrx_word' id='word_1_208' title='bbox 549 3593 663 3661; x_wconf 78' lang='lat' dir='ltr'><strong>purtem</strong></span> <span class='ocrx_word' id='word_1_209' title='bbox 686 3586 754 3647; x_wconf 79' lang='lat' dir='ltr'><strong>fidei</strong></span> <span class='ocrx_word' id='word_1_210' title='bbox 780 3587 894 3649; x_wconf 77' lang='lat' dir='ltr'><strong>»Credo</strong></span> <span class='ocrx_word' id='word_1_211' title='bbox 909 3590 940 3646; x_wconf 91' lang='lat' dir='ltr'><strong>in</strong></span> <span class='ocrx_word' id='word_1_212' title='bbox 955 3588 1085 3660; x_wconf 87' lang='lat' dir='ltr'><strong>spiritum</strong></span> <span class='ocrx_word' id='word_1_213' title='bbox 1100 3592 1250 3645; x_wconf 69' lang='lat' dir='ltr'><strong>sonuum«</strong></span> <span class='ocrx_word' id='word_1_214' title='bbox 1271 3604 1334 3647; x_wconf 88' lang='lat' dir='ltr'><strong>enm</strong></span> <span class='ocrx_word' id='word_1_215' title='bbox 1354 3595 1478 3664; x_wconf 83' lang='lat' dir='ltr'><strong>quatuor</strong></span> 
     </span>
     <span class='ocr_line' id='line_1_28' title="bbox 306 3692 1478 3771; baseline 0.004 -18"><span class='ocrx_word' id='word_1_216' title='bbox 306 3692 527 3753; x_wconf 69' lang='lat' dir='ltr'><strong>emmunim</strong></span> <span class='ocrx_word' id='word_1_217' title='bbox 540 3693 669 3753; x_wconf 74' lang='lat' dir='ltr'><strong>ardealia</strong></span> <span class='ocrx_word' id='word_1_218' title='bbox 684 3693 850 3755; x_wconf 83' lang='lat' dir='ltr'><strong>declararit</strong></span> <span class='ocrx_word' id='word_1_219' title='bbox 872 3696 941 3754; x_wconf 87' lang='lat' dir='ltr'><strong>Vita</strong></span> <span class='ocrx_word' id='word_1_220' title='bbox 955 3700 1073 3767; x_wconf 77' lang='lat' dir='ltr'><strong>uterne,</strong></span> <span class='ocrx_word' id='word_1_221' title='bbox 1088 3694 1189 3767; x_wconf 89' lang='lat' dir='ltr'><strong>inquit,</strong></span> <span class='ocrx_word' id='word_1_222' title='bbox 1205 3693 1312 3769; x_wconf 83' lang='lat' dir='ltr'><strong>duplex</strong></span> <span class='ocrx_word' id='word_1_223' title='bbox 1327 3702 1380 3771; x_wconf 87' lang='lat' dir='ltr'><strong>est,</strong></span> <span class='ocrx_word' id='word_1_224' title='bbox 1395 3698 1478 3757; x_wconf 89' lang='lat' dir='ltr'><strong>bonis</strong></span> 
     </span>
     <span class='ocr_line' id='line_1_29' title="bbox 301 3798 640 3859; baseline -0.003 0"><span class='ocrx_word' id='word_1_225' title='bbox 301 3816 361 3859; x_wconf 85' lang='lat' dir='ltr'><strong>oua</strong></span> <span class='ocrx_word' id='word_1_226' title='bbox 375 3806 407 3859; x_wconf 92' lang='lat' dir='ltr'><strong>et</strong></span> <span class='ocrx_word' id='word_1_227' title='bbox 419 3798 504 3857; x_wconf 80' lang='lat' dir='ltr'><strong>made</strong></span> <span class='ocrx_word' id='word_1_228' title='bbox 517 3803 571 3859; x_wconf 88' lang='lat' dir='ltr'><strong>sua</strong></span> <span class='ocrx_word' id='word_1_229' title='bbox 584 3806 640 3858; x_wconf 75' lang='lat' dir='ltr'><strong>ete</strong></span> 
     </span>
    </p>

    <p class='ocr_par' dir='ltr' id='par_1_9' title="bbox 302 3904 1478 4494">
     <span class='ocr_line' id='line_1_30' title="bbox 396 3904 1476 3981; baseline 0.006 -18"><span class='ocrx_word' id='word_1_230' title='bbox 396 3904 508 3963; x_wconf 82' lang='lat' dir='ltr'><strong>Eadem</strong></span> <span class='ocrx_word' id='word_1_231' title='bbox 522 3904 638 3964; x_wconf 85' lang='lat' dir='ltr'><strong>circiter</strong></span> <span class='ocrx_word' id='word_1_232' title='bbox 651 3920 757 3965; x_wconf 88' lang='lat' dir='ltr'><strong>nonam</strong></span> <span class='ocrx_word' id='word_1_233' title='bbox 770 3906 872 3966; x_wconf 84' lang='lat' dir='ltr'><strong>noram</strong></span> <span class='ocrx_word' id='word_1_234' title='bbox 885 3906 1112 3981; x_wconf 80' lang='lat' dir='ltr'><strong>pomeridianum</strong></span> <span class='ocrx_word' id='word_1_235' title='bbox 1128 3908 1196 3967; x_wconf 90' lang='lat' dir='ltr'><strong>dum</strong></span> <span class='ocrx_word' id='word_1_236' title='bbox 1210 3922 1228 3966; x_wconf 85' lang='lat' dir='ltr'><strong>a</strong></span> <span class='ocrx_word' id='word_1_237' title='bbox 1243 3922 1327 3968; x_wconf 82' lang='lat' dir='ltr'><strong>coena</strong></span> <span class='ocrx_word' id='word_1_238' title='bbox 1340 3908 1476 3969; x_wconf 82' lang='lat' dir='ltr'><strong>deambu-</strong></span> 
     </span>
     <span class='ocr_line' id='line_1_31' title="bbox 302 4008 1478 4092; baseline 0.003 -19"><span class='ocrx_word' id='word_1_239' title='bbox 302 4012 446 4085; x_wconf 68' lang='lat' dir='ltr'><strong>lamus,</strong></span> <span class='ocrx_word' id='word_1_240' title='bbox 465 4008 543 4071; x_wconf 79' lang='lat' dir='ltr'><strong>forte</strong></span> <span class='ocrx_word' id='word_1_241' title='bbox 556 4011 587 4068; x_wconf 91' lang='lat' dir='ltr'><strong>in</strong></span> <span class='ocrx_word' id='word_1_242' title='bbox 605 4012 703 4083; x_wconf 78' lang='lat' dir='ltr'><strong>platea</strong></span> <span class='ocrx_word' id='word_1_243' title='bbox 725 4013 912 4085; x_wconf 74' lang='lat' dir='ltr'><strong>respicientes</strong></span> <span class='ocrx_word' id='word_1_244' title='bbox 936 4013 1083 4087; x_wconf 83' lang='lat' dir='ltr'><strong>insperato</strong></span> <span class='ocrx_word' id='word_1_245' title='bbox 1105 4013 1268 4092; x_wconf 82' lang='lat' dir='ltr'><strong>Gomadum</strong></span> <span class='ocrx_word' id='word_1_246' title='bbox 1291 4014 1478 4092; x_wconf 76' lang='lat' dir='ltr'><strong>Milchliugu</strong></span> 
     </span>
     <span class='ocr_line' id='line_1_32' title="bbox 305 4115 1476 4191; baseline 0.004 -13"><span class='ocrx_word' id='word_1_247' title='bbox 305 4115 472 4178; x_wconf 77' lang='lat' dir='ltr'><strong>Schomtad</strong></span> <span class='ocrx_word' id='word_1_248' title='bbox 492 4132 545 4175; x_wconf 90' lang='lat' dir='ltr'><strong>nos</strong></span> <span class='ocrx_word' id='word_1_249' title='bbox 564 4118 703 4176; x_wconf 86' lang='lat' dir='ltr'><strong>accedere</strong></span> <span class='ocrx_word' id='word_1_250' title='bbox 720 4118 865 4190; x_wconf 86' lang='lat' dir='ltr'><strong>ridemus,</strong></span> <span class='ocrx_word' id='word_1_251' title='bbox 889 4120 939 4191; x_wconf 86' lang='lat' dir='ltr'><strong>qui</strong></span> <span class='ocrx_word' id='word_1_252' title='bbox 954 4120 1066 4179; x_wconf 67' lang='lat' dir='ltr'><strong>literas</strong></span> <span class='ocrx_word' id='word_1_253' title='bbox 1085 4121 1236 4181; x_wconf 84' lang='lat' dir='ltr'><strong>ndomino</strong></span> <span class='ocrx_word' id='word_1_254' title='bbox 1249 4136 1334 4181; x_wconf 83' lang='lat' dir='ltr'><strong>socru</strong></span> <span class='ocrx_word' id='word_1_255' title='bbox 1348 4127 1379 4183; x_wconf 92' lang='lat' dir='ltr'><strong>et</strong></span> <span class='ocrx_word' id='word_1_256' title='bbox 1391 4139 1476 4183; x_wconf 84' lang='lat' dir='ltr'><strong>uxor-</strong></span> 
     </span>
     <span class='ocr_line' id='line_1_33' title="bbox 303 4222 1476 4300; baseline 0.004 -17"><span class='ocrx_word' id='word_1_257' title='bbox 303 4224 373 4283; x_wconf 83' lang='lat' dir='ltr'><strong>culo</strong></span> <span class='ocrx_word' id='word_1_258' title='bbox 386 4222 503 4295; x_wconf 83' lang='lat' dir='ltr'><strong>detulit,</strong></span> <span class='ocrx_word' id='word_1_259' title='bbox 523 4226 558 4279; x_wconf 86' lang='grc' dir='ltr'><strong>ιιι</strong></span> <span class='ocrx_word' id='word_1_260' title='bbox 571 4237 591 4281; x_wconf 86' lang='lat' dir='ltr'><strong>o</strong></span> <span class='ocrx_word' id='word_1_261' title='bbox 602 4224 809 4284; x_wconf 85' lang='lat' dir='ltr'><strong>mercatoribus</strong></span> <span class='ocrx_word' id='word_1_262' title='bbox 828 4224 906 4283; x_wconf 89' lang='lat' dir='ltr'><strong>mille</strong></span> <span class='ocrx_word' id='word_1_263' title='bbox 926 4222 1052 4285; x_wconf 86' lang='lat' dir='ltr'><strong>florenos</strong></span> <span class='ocrx_word' id='word_1_264' title='bbox 1066 4228 1196 4300; x_wconf 86' lang='lat' dir='ltr'><strong>accipere</strong></span> <span class='ocrx_word' id='word_1_265' title='bbox 1209 4242 1331 4300; x_wconf 72' lang='lat' dir='ltr'><strong>possem</strong></span> <span class='ocrx_word' id='word_1_266' title='bbox 1347 4226 1404 4287; x_wconf 81' lang='lat' dir='ltr'><strong>fide</strong></span> <span class='ocrx_word' id='word_1_267' title='bbox 1416 4244 1476 4287; x_wconf 83' lang='lat' dir='ltr'><strong>ma·</strong></span> 
     </span>
     <span class='ocr_line' id='line_1_34' title="bbox 302 4313 1476 4405; baseline 0.003 -16"><span class='ocrx_word' id='word_1_268' title='bbox 302 4330 361 4389; x_wconf 85' lang='lat' dir='ltr'><strong>tris</strong></span> <span class='ocrx_word' id='word_1_269' title='bbox 375 4328 439 4385; x_wconf 81' lang='lat' dir='ltr'><strong>hec</strong></span> <span class='ocrx_word' id='word_1_270' title='bbox 450 4327 586 4400; x_wconf 79' lang='lat' dir='ltr'><strong>princeps</strong></span> <span class='ocrx_word' id='word_1_271' title='bbox 600 4325 695 4387; x_wconf 82' lang='lat' dir='ltr'><strong>officio</strong></span> <span class='ocrx_word' id='word_1_272' title='bbox 715 4327 816 4387; x_wconf 83' lang='lat' dir='ltr'><strong>iuncta</strong></span> <span class='ocrx_word' id='word_1_273' title='bbox 829 4330 871 4389; x_wconf 89' lang='lat' dir='ltr'><strong>nil</strong></span> <span class='ocrx_word' id='word_1_274' title='bbox 885 4331 1006 4405; x_wconf 85' lang='lat' dir='ltr'><strong>omittit,</strong></span> <span class='ocrx_word' id='word_1_275' title='bbox 1027 4313 1103 4404; x_wconf 86' lang='lat' dir='ltr'><strong>quud</strong></span> <span class='ocrx_word' id='word_1_276' title='bbox 1117 4332 1155 4391; x_wconf 84' lang='lat' dir='ltr'><strong>ad</strong></span> <span class='ocrx_word' id='word_1_277' title='bbox 1169 4322 1298 4402; x_wconf 80' lang='lat' dir='ltr'><strong>levamen</strong></span> <span class='ocrx_word' id='word_1_278' title='bbox 1312 4334 1414 4393; x_wconf 88' lang='lat' dir='ltr'><strong>harum</strong></span> <span class='ocrx_word' id='word_1_279' title='bbox 1429 4348 1476 4393; x_wconf 84' lang='lat' dir='ltr'><strong>ca·</strong></span> 
     </span>
     <span class='ocr_line' id='line_1_35' title="bbox 302 4431 599 4494; baseline -0.003 0"><span class='ocrx_word' id='word_1_280' title='bbox 302 4436 467 4494; x_wconf 67' lang='lat' dir='ltr'><strong>hnintun</strong></span> <span class='ocrx_word' id='word_1_281' title='bbox 479 4431 599 4493; x_wconf 81' lang='lat' dir='ltr'><strong>iaceret</strong></span> 
     </span>
    </p>

    <p class='ocr_par' dir='ltr' id='par_1_10' title="bbox 302 4538 1477 4711">
     <span class='ocr_line' id='line_1_36' title="bbox 350 4538 1477 4619; baseline 0.006 -21"><span class='ocrx_word' id='word_1_282' title='bbox 350 4560 355 4568; x_wconf 60' lang='lat'><strong>⁴</strong></span> <span class='ocrx_word' id='word_1_283' title='bbox 393 4538 515 4599; x_wconf 78' lang='lat' dir='ltr'><strong>Docimo</strong></span> <span class='ocrx_word' id='word_1_284' title='bbox 535 4556 613 4599; x_wconf 84' lang='lat' dir='ltr'><strong>ncnc</strong></span> <span class='ocrx_word' id='word_1_285' title='bbox 630 4538 713 4598; x_wconf 77' lang='lat' dir='ltr'><strong>lunii</strong></span> <span class='ocrx_word' id='word_1_286' title='bbox 734 4540 781 4600; x_wconf 89' lang='lat' dir='ltr'><strong>die</strong></span> <span class='ocrx_word' id='word_1_287' title='bbox 796 4540 963 4617; x_wconf 77' lang='lat' dir='ltr'><strong>walpurgis</strong></span> <span class='ocrx_word' id='word_1_288' title='bbox 986 4542 1130 4602; x_wconf 84' lang='lat' dir='ltr'><strong>comitissa</strong></span> <span class='ocrx_word' id='word_1_289' title='bbox 1150 4542 1188 4602; x_wconf 90' lang='lat' dir='ltr'><strong>ab</strong></span> <span class='ocrx_word' id='word_1_290' title='bbox 1201 4542 1376 4619; x_wconf 81' lang='lat' dir='ltr'><strong>Henneberg</strong></span> <span class='ocrx_word' id='word_1_291' title='bbox 1390 4546 1477 4605; x_wconf 82' lang='lat' dir='ltr'><strong>vidue</strong></span> 
     </span>
     <span class='ocr_line' id='line_1_37' title="bbox 302 4644 1476 4711; baseline 0.006 -7"><span class='ocrx_word' id='word_1_292' title='bbox 302 4646 334 4704; x_wconf 90' lang='lat' dir='ltr'><strong>in</strong></span> <span class='ocrx_word' id='word_1_293' title='bbox 348 4645 447 4706; x_wconf 89' lang='lat' dir='ltr'><strong>llonlo</strong></span> <span class='ocrx_word' id='word_1_294' title='bbox 460 4645 598 4704; x_wconf 81' lang='lat' dir='ltr'><strong>emerito</strong></span> <span class='ocrx_word' id='word_1_295' title='bbox 611 4660 665 4703; x_wconf 88' lang='lat' dir='ltr'><strong>suo</strong></span> <span class='ocrx_word' id='word_1_296' title='bbox 675 4644 780 4704; x_wconf 78' lang='lat' dir='ltr'><strong>ceroto</strong></span> <span class='ocrx_word' id='word_1_297' title='bbox 794 4646 958 4707; x_wconf 80' lang='lat' dir='ltr'><strong>aGleiclen</strong></span> <span class='ocrx_word' id='word_1_298' title='bbox 973 4648 1003 4706; x_wconf 90' lang='lat' dir='ltr'><strong>in</strong></span> <span class='ocrx_word' id='word_1_299' title='bbox 1016 4646 1237 4709; x_wconf 62' lang='lat' dir='ltr'><strong>Ghranichmdt</strong></span> <span class='ocrx_word' id='word_1_300' title='bbox 1249 4648 1414 4709; x_wconf 84' lang='lat' dir='ltr'><strong>introducta</strong></span> <span class='ocrx_word' id='word_1_301' title='bbox 1423 4659 1476 4711; x_wconf 88' lang='lat' dir='ltr'><strong>est.</strong></span> 
     </span>
    </p>

    <p class='ocr_par' dir='ltr' id='par_1_11' title="bbox 304 4737 1477 4932">
     <span class='ocr_line' id='line_1_38' title="bbox 394 4737 1477 4819; baseline 0.01 -11"><span class='ocrx_word' id='word_1_302' title='bbox 394 4751 475 4811; x_wconf 73' lang='lat' dir='ltr'><strong>Avus</strong></span> <span class='ocrx_word' id='word_1_303' title='bbox 489 4750 636 4810; x_wconf 82' lang='lat' dir='ltr'><strong>uxorculae</strong></span> <span class='ocrx_word' id='word_1_304' title='bbox 655 4750 778 4810; x_wconf 73' lang='grc' dir='ltr'><strong>ιιιιιιιιιιι</strong></span> <span class='ocrx_word' id='word_1_305' title='bbox 796 4753 880 4811; x_wconf 88' lang='lat' dir='ltr'><strong>uobis</strong></span> <span class='ocrx_word' id='word_1_306' title='bbox 899 4737 1068 4811; x_wconf 64' lang='lat' dir='ltr'><strong>onuundm</strong></span> <span class='ocrx_word' id='word_1_307' title='bbox 1087 4753 1187 4812; x_wconf 79' lang='lat' dir='ltr'><strong>noluit</strong></span> <span class='ocrx_word' id='word_1_308' title='bbox 1225 4756 1321 4815; x_wconf 87' lang='lat' dir='ltr'><strong>Etiam</strong></span> <span class='ocrx_word' id='word_1_309' title='bbox 1335 4757 1365 4815; x_wconf 93' lang='lat' dir='ltr'><strong>iu</strong></span> <span class='ocrx_word' id='word_1_310' title='bbox 1379 4756 1477 4819; x_wconf 72' lang='grc' dir='ltr'><strong>Βαίτι-</strong></span> 
     </span>
     <span class='ocr_line' id='line_1_39' title="bbox 304 4853 1222 4932; baseline 0.001 -14"><span class='ocrx_word' id='word_1_311' title='bbox 304 4854 385 4919; x_wconf 71' lang='lat' dir='ltr'><strong>d&#39;orff</strong></span> <span class='ocrx_word' id='word_1_312' title='bbox 396 4856 515 4916; x_wconf 71' lang='lat' dir='ltr'><strong>sinim</strong></span> <span class='ocrx_word' id='word_1_313' title='bbox 527 4853 606 4917; x_wconf 78' lang='lat' dir='ltr'><strong>iuras</strong></span> <span class='ocrx_word' id='word_1_314' title='bbox 619 4861 665 4917; x_wconf 85' lang='lat' dir='ltr'><strong>est</strong></span> <span class='ocrx_word' id='word_1_315' title='bbox 679 4854 716 4915; x_wconf 88' lang='lat' dir='ltr'><strong>de</strong></span> <span class='ocrx_word' id='word_1_316' title='bbox 729 4856 898 4932; x_wconf 73' lang='lat' dir='ltr'><strong>ccofiutcta</strong></span> <span class='ocrx_word' id='word_1_317' title='bbox 911 4854 1026 4917; x_wconf 72' lang='lat' dir='ltr'><strong>elberti</strong></span> <span class='ocrx_word' id='word_1_318' title='bbox 1039 4857 1222 4919; x_wconf 81' lang='lat' dir='ltr'><strong>marchionis.</strong></span> 
     </span>
    </p>
   </div>
   <div class='ocr_carea' id='block_1_4' title="bbox 0 0 1854 5692">
    <p class='ocr_par' dir='ltr' id='par_1_12' title="bbox 0 0 1854 5692">
     <span class='ocr_line' id='line_1_40' title="bbox 0 0 1854 5692; baseline 0 0"><span class='ocrx_word' id='word_1_319' title='bbox 0 0 1854 5692; x_wconf 95' lang='lat' dir='ltr'><strong> </strong></span> 
     </span>
    </p>
   </div>
  </div>
 </body>
</html>
