3700 5692
959 695 1003 760 50

390 893 458 935 num
473 893 536 951 cnm
549 875 609 937 filio
623 884 674 938 tno
689 877 840 938 benedicto
864 882 893 936 11
907 879 1012 952 spiritu
1033 884 1132 938 sancto
1142 901 1156 952 ,¹
1176 878 1235 936 sire
1250 876 1332 936 nobis
1349 866 1384 938 cx
1397 883 1477 954 voto,
1499 879 1553 939 sire

389 999 471 1042 secus
490 1001 538 1044 res
553 984 635 1044 nobis
658 983 829 1058 acciderint,
854 983 989 1043 colamus.
1028 983 1085 1042 Per
1100 982 1245 1044 Christum
1269 983 1413 1060 dominnm
1426 991 1551 1053 nostrum.

390 1089 493 1149 Amen.

478 1195 588 1256 Eadem
596 1196 719 1270 Hispani
733 1195 910 1268 sepeliebant
925 1194 1067 1268 quendam
1079 1200 1246 1270 magnatum
1259 1208 1295 1254 cx
1308 1212 1409 1256 eornm
1423 1194 1496 1270 albo,
1511 1197 1554 1269 qni

388 1317 502 1360 crucem
516 1303 657 1377 purpurei
676 1303 780 1361 coloris
800 1303 830 1359 in
844 1302 971 1361 vestibus
986 1301 1024 1360 ad
1038 1306 1137 1376 pectus
1161 1307 1288 1375 gestasse
1310 1303 1492 1361 christianum
1509 1319 1555 1376 pn·

366 1412 460 1466 tant
499 1407 571 1466 Cum
585 1407 671 1482 hnjns
686 1423 789 1481 corpus
810 1405 961 1466 infossam
982 1407 1126 1482 sepulchri
1145 1408 1348 1481 immitterent,
1372 1410 1462 1481 primo
1478 1407 1556 1466 sacri·

388 1511 479 1588 ficnli,
505 1512 610 1572 deinde
632 1519 738 1572 caetera
758 1513 846 1572 turha
865 1510 951 1572 fnnns
970 1512 1201 1587 subsequentium
1221 1518 1357 1587 qnantum
1376 1515 1443 1573 vola
1463 1528 1554 1572 manna

390 1623 478 1677 terrae
493 1620 737 1693 comprehendere
752 1625 896 1694 poterant,
913 1635 1001 1694 snper
1015 1621 1109 1694 ipsum
1123 1617 1360 1692 funus‘jecernnt.
1389 1617 1504 1677 Deinde
1512 1633 1554 1676 vc·

389 1724 526 1798 spilloncs
548 1723 652 1786 fossam
674 1731 755 1784 terra
776 1725 941 1800 replebant,
966 1725 1046 1799 cnjns
1066 1725 1168 1784 animoe
1187 1725 1359 1786 misereatur
1378 1727 1419 1800 is,
1442 1725 1490 1799 qui
1509 1741 1556 1784 no·
1638 1737 1639 1780 1

389 1830 431 1888 rit
446 1846 520 1889 enm.

476 1935 575 1996 Prima
597 1939 666 2013 maji
692 1937 720 1997 d.
743 1937 890 1995 Musonius
919 1936 958 1994 ad
986 1936 1014 1996 d.
1036 1937 1206 2006 Mamilium
1230 1953 1266 1996 ex
1290 1953 1353 2011 cap.
1380 1936 1556 1995 1110111111
1638 1973 1639 2030 ἐ

388 2043 450 2101 haec
463 2042 552 2102 verba
566 2043 743 2116 explanarit:
757 2043 803 2102 Ne
817 2040 952 2102 turbetur
965 2058 1016 2102 cor
1026 2048 1156 2132 ¹vestrum
1172 2059 1265 2117 neque
1280 2041 1418 2102 formidet
1431 2047 1483 2102 etc.
1506 2040 1555 2101 Sed
1638 2031 1639 2046 ¹

389 2165 441 2208 uos
456 2149 548 2208 serina
561 2148 747 2217 advenientes
761 2150 856 2208 omnia
868 2147 945 2208 dicta
958 2149 1019 2222 ejus
1030 2165 1089 2209 non
1102 2151 1225 2210 assecuti
1238 2165 1344 2209 11111111.
1368 2149 1450 2208 Inter
1461 2137 1555 2207 catera

388 2259 485 2313 autem
500 2253 628 2328 dicebat,
644 2255 869 2330 perturbationis
885 2260 914 2314 et
928 2255 1039 2313 timoris
1054 2257 1250 2330 apostolorum
1264 2255 1518 2330 haecpotissinun
1529 2253 1555 2310 iu

388 2375 475 2419 cansa
489 2358 587 2434 fuisse,
605 2359 672 2419 dnm
684 2359 841 2421 audiissent
855 2361 1000 2419 dominnm
1013 2361 1050 2420 ab
1066 2361 1102 2420 111
1116 2360 1264 2421 discedere
1274 2363 1356 2437 velle,
1372 2359 1555 2436 ignorantiam

388 2467 498 2526 scilicet
513 2472 542 2525 et
557 2466 785 2540 expectationem
807 2468 918 2526 terreni
937 2455 1167 2542 alicujm'regni,
1191 2453 1222 2526 in
1238 2481 1295 2540 qno
1309 2470 1390 2542 ipsos
1405 2483 1437 2526 se
1451 2465 1555 2526 domino

388 2572 419 2630 in
437 2570 599 2646 principatu
615 2569 671 2648 (11)
692 2573 882 2647 proximiores
901 2571 1015 2632 futuros
1033 2589 1113 2649 spem
1133 2574 1227 2632 animo
1247 2578 1453 2648 conceperant,
1477 2569 1556 2630 ambi·

388 2678 495 2735 tionem
510 2693 624 2749 qnoque
639 2679 716 2736 utin
729 2676 796 2736 filiis
812 2676 944 2738 Zebedaei
965 2696 1018 2754 per
1033 2684 1153 2739 matrem
1168 2695 1267 2739 eornm
1281 2695 1355 2739 nnus
1371 2680 1410 2739 ad
1425 2679 1554 2747 dextram,

389 2783 462 2841 alins
471 2782 510 2842 ad
519 2782 663 2843 sinistram
673 2784 773 2844 sedere
784 2789 901 2859 possent
909 2785 1071 2858 petentibus
1084 2785 1184 2858 liquet.
1205 2786 1278 2844 Item
1292 2778 1411 2845 inutiles
1427 2791 1456 2844 ct
1467 2796 1556 2856 snper·

388 2905 529 2949 racaneas
548 2889 680 2949 tristib'aa
696 2894 765 2961 etc.;
794 2890 862 2949 item
882 2889 967 2964 longo
991 2892 1078 2951 aliam
1102 2891 1208 2951 Christi
1233 2891 1340 2951 domini
1356 2889 1450 2952 fnisse
1470 2885 1557 2948 condi-

388 2981 509 3069 tionem,
534 2997 584 3068 qnl
598 2995 739 3069 omnium,
764 3012 827 3069 qnae
842 2995 885 3054 illi
899 2997 1062 3056 acciderent
1082 2997 1163 3058 etad
1178 3013 1262 3071 quem
1281 2995 1366 3056 finem
1388 2995 1556 3072 pertinerent

387 3101 525 3174 praescius
547 3106 623 3176 erat,
645 3101 780 3160 hahuisse
799 3117 870 3162 vero
890 3101 1044 3176 discipulos
1063 3105 1173 3163 nnllam
1192 3105 1236 3163 sni
1257 3104 1363 3164 doloris
1384 3107 1436 3162 aut
1454 3098 1554 3161 timoris

384 3208 491 3280 justam
501 3222 624 3266 cansam.
647 3206 693 3265 De
705 3207 808 3268 timore
823 3207 899 3266 hanc
913 3207 1125 3268 similitudinem
1140 3209 1295 3270 adducens.
1319 3210 1401 3268 Sicut
1414 3203 1554 3265 influente

387 3312 503 3392 turbida
518 3311 632 3372 reddita
646 3329 722 3386 aqna
735 3311 842 3372 fundus
856 3312 949 3372 videri
968 3331 1026 3373 non
1040 3318 1150 3390 potest,
1171 3321 1201 3375 et
1214 3316 1245 3373 in
1259 3312 1457 3388 limpidissimo
1472 3308 1552 3381 fonto,

388 3419 413 3476 si
427 3434 517 3492 aquas
530 3433 656 3493 moveas,
671 3418 787 3477 claritas
802 3435 861 3477 non
874 3425 1011 3494 apparet,
1028 3420 1070 3478 ita
1083 3420 1113 3478 in
1129 3421 1216 3483 corde
1235 3419 1357 3480 hominis
1376 3419 1480 3478 timore
1493 3429 1553 3490 por·

387 3522 499 3584 tnrbati
516 3524 704 3598 cogitationes
719 3539 800 3598 purae
816 3529 845 3584 et
859 3525 1006 3598 praeclarae
1021 3541 1078 3584 non
1094 3527 1234 3585 oriuntur.
1270 3524 1353 3597 Quod
1367 3529 1463 3584 antem
1478 3521 1553 3584 disei-

310 3623 314 3626 ’
388 3628 449 3702 puli
469 3629 581 3688 timoris
601 3629 647 3687 sni
668 3645 784 3688 cansam
803 3649 862 3690 non
877 3631 1046 3704 habuerint,
1069 3630 1122 3689 has
1144 3633 1271 3701 rationes
1291 3629 1427 3690 reddidit.
1465 3627 1554 3687 Primo

387 3734 465 3808 qnod
474 3733 618 3800 dominum
626 3735 696 3808 ipsis
707 3736 833 3795 »Pacem
841 3753 934 3796 meam
943 3736 981 3796 do
989 3736 1080 3811 vobis,
1096 3753 1196 3812 pacem
1207 3751 1300 3796 meam
1314 3735 1447 3810 relinquo
1459 3732 1551 3794 robis«

386 3839 492 3899 dixisse
504 3845 653 3898 noverant.
677 3840 818 3915 Secundo,
834 3843 950 3902 tametsi
961 3842 1078 3902 tristitia
1091 3859 1126 3902 ex
1135 3842 1199 3916 boc,
1212 3840 1293 3916 quod
1308 3842 1440 3902 dominns
1451 3839 1554 3898 dixerat

365 3962 370 3987 1
390 3942 745 4021 »Vado‹adectituersnl,
753 3946 915 4006 meminisse
922 3951 1020 4006 tamen
1027 3947 1178 4021 debebant,
1187 3947 1307 4007 eundem
1317 3963 1432 4022 quoqne
1442 3944 1551 4006 dixisse:

389 4049 662 4124 »Iternmvenio‘ad
677 4065 747 4108 vos«
759 4059 824 4112 etc„
833 4053 942 4129 Tertio,
960 4053 1038 4127 qnod
1053 4071 1097 4127 ea,
1113 4069 1177 4127 qnae
1187 4053 1300 4114 Christo
1316 4059 1455 4113 eventura
1469 4051 1551 4119 erant,

386 4154 457 4213 nihil
471 4154 527 4213 illis
541 4155 661 4229 periculi
675 4156 800 4216 allatura
816 4162 921 4218 esseut.
945 4158 1025 4218 Nihil
1040 4159 1115 4219 enim
1129 4159 1159 4219 id
1172 4161 1310 4235 temporis
1324 4159 1381 4218 illis
1396 4159 1495 4216 dumus
1508 4155 1552 4212 ant

385 4261 581 4341 maliillatnm
596 4267 649 4336 est,
664 4261 732 4321 licet
746 4268 847 4335 postea
857 4264 995 4336 temporis
1007 4261 1019 4299 ¹
1034 4263 1177 4338 praefinito
1191 4261 1228 4324 ob
1239 4264 1344 4324 Christi
1358 4243 1479 4338 gloriam
1493 4273 1551 4318 san-

385 4367 499 4440 gninem
513 4384 595 4426 sunm
610 4365 770 4427 effuderint.
808 4368 957 4428 Postremo
979 4369 1035 4429 etsi
1049 4369 1119 4442 qnid
1141 4369 1284 4444 ejusmodi
1302 4368 1420 4429 sufferre
1442 4363 1547 4428 debuis-

385 4476 457 4546 sent,
468 4486 608 4532 memores
616 4474 713 4531 tatnen
723 4479 753 4532 et
762 4489 812 4533 eos
821 4478 850 4532 et
858 4490 953 4532 canses
963 4491 1022 4534 suae
1031 4475 1167 4536 bonitatis
1181 4481 1210 4535 11
1218 4477 1370 4537 verborum
1380 4472 1484 4536 Christi
1492 4481 1550 4528 esse

384 4577 512 4650 oportuit
521 4582 574 4637 etc.
589 4578 723 4637 Inserens
738 4578 857 4653 insuper
872 4579 908 4639 de
922 4579 1052 4642 bonitate
1067 4596 1170 4657 cansa,
1184 4598 1269 4657 qnam
1283 4580 1460 4657 professores
1471 4589 1549 4638 1111-
1638 4667 1639 4690 ¹

965 4715 981 4752 a

447 4786 474 4846 ³¹
495 4799 631 4866 ttempore
646 4799 782 4867 prefinito.
851 4823 855 4827 ·
