3700 5692
956 712 1019 791 aaa

398 914 512 986 jestatis
528 914 557 970 in
580 913 717 982 honores,
734 925 858 983 corpora
880 914 909 968 ot
928 908 1080 970 facultates
1096 914 1205 969 vestras
1221 912 1312 971 serius
1326 908 1336 947 ¹
1352 914 1421 987 quid
1441 918 1571 973 statuere

401 1022 508 1089 posset.
532 1016 668 1074 Attamen
682 1030 735 1073 sua
750 1015 885 1088 majestas
905 1031 941 1073 ex
961 1016 1060 1075 innata
1080 1032 1133 1075 sua
1154 1017 1305 1077 clementia
1319 1018 1426 1077 mitiori
1440 1018 1491 1076 via
1506 1034 1572 1078 oon·

381 1190 384 1195 ¹
400 1127 447 1179 tra
461 1137 512 1180 uos
527 1121 662 1195 progredi
679 1121 795 1193 cogitat.
836 1119 893 1178 Sed
908 1120 1140 1195 discriminatim,
1157 1122 1264 1181 scilicet
1277 1127 1310 1181 ut
1324 1122 1355 1180 hi
1370 1122 1427 1181 duo
1438 1122 1571 1195 juniores

401 1228 518 1285 comites
533 1226 684 1301 Philippus
699 1230 728 1284 et
743 1224 871 1285 Joanues
886 1228 1040 1300 actionem,
1062 1242 1146 1299 quam
1162 1227 1254 1285 mater
1268 1228 1394 1300 ipsorum
1409 1230 1440 1287 iu
1456 1230 1572 1287 oaesads

400 1335 577 1407 majestatem
599 1349 635 1389 ex
654 1331 823 1405 quibusdam
842 1332 976 1406 pollicitis
995 1332 1103 1391 habere
1127 1346 1158 1389 se
1173 1336 1314 1407 autumat,
1330 1334 1499 1407 remittant,
1515 1352 1573 1393 ma-

400 1439 474 1497 xime
497 1454 560 1495 cum
584 1452 711 1495 caesarea
733 1437 868 1509 maiestas
883 1436 954 1495 nibil
977 1436 1031 1495 sibi
1052 1436 1087 1495 de
1102 1436 1156 1494 hoe
1178 1436 1290 1496 conscia
1312 1436 1358 1512 sit,
1375 1438 1431 1496 nisi
1445 1436 1523 1499 forte
1539 1438 1573 1499 da

400 1543 582 1618 generalibus
598 1542 746 1617 promissis
762 1540 837 1618 (baec
851 1542 927 1600 enim
942 1542 1083 1615 ipsissima
1102 1542 1190 1615 ipsius
1207 1540 1286 1601 Seldi
1306 1548 1391 1602 erant
1405 1540 1521 1617 verba),
1537 1545 1573 1603 ad

399 1649 464 1706 baec
481 1647 515 1706 ut
530 1647 638 1706 Oaesari
653 1648 779 1720 qmuqnc
793 1647 871 1706 mille
885 1644 1010 1706 florenos
1025 1648 1195 1721 numeratis,
1217 1662 1267 1706 vos
1288 1663 1365 1723 vero,
1381 1648 1508 1723 Eubulc,
1526 1636 1589 1722 qui*

401 1759 468 1812 ante
483 1760 514 1811 et
527 1753 580 1811 snb
594 1750 649 1809 hoo
662 1752 768 1811 bellum
782 1752 837 1811 hoc
852 1768 912 1827 prae
928 1740 1195 1812 cetemsbomitibus
1211 1757 1241 1811 et
1256 1770 1344 1827 opera
1359 1758 1389 1813 et
1403 1754 1503 1813 verbis
1518 1772 1571 1813 cae-

313 1884 317 1889 ’
401 1873 491 1917 saroae
513 1858 658 1931 majestati
678 1873 729 1915 vos
753 1856 929 1916 infestiorem
952 1858 1133 1931 ostendistis,
1160 1860 1261 1917 caesari
1283 1859 1386 1919 dabitis
1402 1862 1469 1919 octo
1485 1860 1573 1919 millia

400 1964 588 2036 florenorum,
609 1968 660 2020 aut
679 1963 703 2020 si
725 1963 873 2036 mavultis,
901 1978 1028 2021 caesarea
1051 1965 1184 2035 majestas
1202 1966 1268 2038 jure
1287 1965 1433 2024 vobiscum
1456 1970 1528 2040 agat
1547 1972 1574 2025 et

400 2084 551 2142 processus
575 2072 676 2126 contra
694 2083 744 2124 uos
759 2068 899 2126 instituat.
938 2067 1086 2127 Praeterca
1104 2086 1203 2128 omnes
1223 2068 1339 2129 comites
1362 2086 1420 2130 una
1434 2072 1573 2131 articulos

401 2190 460 2247 eos,
481 2187 552 2245 quos
574 2173 828 2232 reverendissimus
848 2174 979 2232 dominus
1001 2190 1079 2233 maus
1094 2174 1292 2233 Atrebatensis
1310 2176 1424 2234 nomine
1439 2192 1573 2236 oaesareae

400 2279 557 2352 majestatis
579 2278 658 2337 vobis
680 2280 861 2353 expositurus
882 2284 940 2352 est,
962 2283 992 2338 et
1011 2280 1170 2353 suscipietis
1192 2287 1221 2339 et
1236 2296 1271 2339 ea
1290 2295 1407 2340 servare
1422 2282 1573 2357 pollicebi-

401 2385 479 2442 miui.
518 2383 593 2441 Dum
608 2387 704 2441 autem
719 2391 860 2443 staremus
875 2386 977 2443 animis
993 2388 1176 2460 consternati,
1200 2384 1397 2446 Atrebatensis
1413 2403 1473 2445 non
1487 2404 1572 2461 roga·

401 2495 447 2548 tus
463 2488 698 2548 deliberationem
714 2490 796 2549 nobis
811 2492 842 2547 in
857 2492 1011 2549 crastinam
1027 2492 1193 2565 permissam
1208 2492 1244 2549 iri
1260 2492 1309 2551 ait.
1348 2490 1532 2553 causabatur
1547 2499 1575 2553 et

401 2594 438 2652 de
452 2594 577 2653 motione
592 2609 736 2653 armorum
751 2597 781 2653 in
791 2594 997 2668 coloniensem,
1015 2612 1072 2667 qua
1085 2596 1131 2655 vel
1145 2600 1236 2655 totum
1252 2596 1401 2669 imperium
1416 2598 1456 2657 ad
1471 2600 1574 2658 tumul·

402 2704 449 2757 tus
465 2700 583 2758 excitari
599 2702 747 2773 potuisset.
785 2702 824 2759 Et
843 2717 905 2759 cum
919 2700 1050 2759 Eubulus
1075 2702 1152 2774 apud
1167 2700 1387 2762 Atrebatensem
1402 2709 1576 2775 quereretur

403 2804 577 2879 impossibile
592 2802 663 2878 lore,
680 2811 713 2864 ut
728 2821 790 2865 eam
806 2822 943 2863 summam
959 2823 995 2865 ex
1010 2807 1069 2864 suis
1084 2804 1267 2869 facultatibus
1283 2809 1358 2867 vela
1372 2808 1498 2868 subditis
1516 2826 1575 2868 cor-

403 2910 507 2969 radere
522 2909 625 2984 possit,
647 2912 862 2983 obtestatusque
878 2916 1044 2985 persancte,
1068 2928 1098 2971 se
1118 2914 1155 2972 ab
1178 2913 1325 2972 intentatis
1340 2912 1387 2973 vel
1402 2914 1488 2973 hoste
1502 2920 1575 2974 teste

403 3015 514 3074 absolui
528 3031 627 3089 posse,
650 3016 740 3074 multa
754 3017 860 3088 praesul
874 3016 1010 3088 objiciens
1026 3016 1079 3091 ait,
1110 3018 1179 3076 mihi
1194 3034 1212 3077 a
1228 3018 1342 3079 Caesare
1357 3020 1576 3093 quatuordecim

402 3122 490 3179 millia
506 3121 561 3195 ipsi
576 3120 753 3180 numeranda
775 3122 909 3195 imposita
932 3138 1009 3196 esse,
1033 3122 1144 3181 sedvel
1166 3124 1253 3183 solius
1268 3124 1470 3185 Atrebatensis
1487 3142 1576 3202 opera

404 3242 437 3286 co
455 3227 606 3286 deventum
621 3244 693 3303 esse,
709 3233 742 3286 ut
756 3233 820 3287 octo
837 3227 901 3286 dem
916 3226 1014 3301 millia,
1032 3232 1061 3285 et
1082 3227 1128 3285 hio
1143 3228 1214 3287 nillil
1234 3246 1397 3304 superesse,
1421 3232 1479 3291 nisi
1494 3238 1528 3293 nt
1543 3250 1576 3292 ea

403 3334 524 3408 pecunia
543 3339 721 3406 numeretur,
746 3339 797 3393 aut
815 3335 961 3407 optionem
983 3332 1133 3407 haberem,
1162 3336 1186 3393 si
1207 3352 1341 3394 caesareae
1359 3336 1508 3409 majestati
1518 3339 1576 3413 juri

403 3444 480 3497 stare
495 3440 589 3497 velim.
613 3438 756 3513 Proiecto,
772 3441 822 3514 ait,
840 3439 917 3511 quod
931 3437 1069 3497 hacteuus
1085 3440 1299 3513 responsionem
1313 3440 1424 3515 distuli,
1441 3442 1474 3499 in
1490 3460 1576 3503 causa

402 3542 466 3617 fuit,
483 3542 558 3617 qnod
573 3550 633 3603 tam
647 3551 792 3604 strenuam
803 3560 921 3619 operam
934 3550 1031 3604 vestra
1046 3560 1114 3619 crgo
1130 3546 1208 3619 apud
1223 3562 1378 3605 caesaream
1392 3548 1576 3619 majestatem

390 3638 558 3723 'gnaverim,
583 3651 635 3709 scd
656 3666 766 3710 summo
788 3650 889 3709 labore
903 3650 981 3724 apud
997 3666 1076 3709 suam
1092 3653 1285 3725 majestatem,
1310 3657 1343 3710 ut
1363 3658 1428 3711 outo
1449 3652 1576 3712 millibus

404 3760 553 3814 contentus
570 3760 653 3826 esset,
671 3756 789 3815 obtinui.
820 3756 876 3814 Sed
892 3755 961 3828 quid
977 3771 1047 3828 opus
1063 3760 1107 3814 cst
1122 3757 1233 3831 singula
1248 3754 1426 3816 annotasse?

493 3860 656 3935 Philippum
671 3862 801 3920 comitem
816 3878 834 3920 a
848 3860 962 3920 Nassau
983 3876 1073 3920 caesar
1092 3864 1183 3935 gratis
1203 3860 1341 3936 absolvit,
1363 3862 1416 3921 sed
1438 3878 1499 3923 non
1516 3863 1577 3923 aba·

405 3981 460 4037 que
475 3967 612 4039 marsupii
627 3968 671 4024 sui
685 3967 813 4025 uulnere.

493 4070 519 4127 A
539 4070 661 4145 prandio
680 4088 781 4130 rursus
803 4071 1022 4131 attrebatensem
1044 4070 1125 4131 adire
1146 4071 1322 4145 volebamus,
1348 4070 1399 4130 scd
1415 4088 1503 4145 quam
1519 4074 1576 4146 pri·

404 4191 481 4233 mum
495 4190 540 4233 me
555 4177 711 4251 conspexit,
722 4182 913 4250 properanter
924 4178 974 4252 ait,
991 4176 1104 4237 domine
1114 4194 1217 4251 comes,
1229 4193 1287 4237 non
1298 4182 1383 4236 vacat
1397 4177 1494 4253 modo,
1511 4194 1578 4237 nanu

354 4281 359 4286 ’
404 4279 551 4341 confestim
567 4282 635 4339 mihi
650 4279 810 4340 excundum
825 4287 869 4340 est
883 4279 972 4342 foras.

492 4386 663 4445 Volebamus
686 4392 716 4445 et
735 4386 879 4446 Staoulum
900 4404 918 4447 a
934 4388 1074 4449 Schleben
1089 4387 1206 4462 alloqui,
1227 4402 1325 4446 verum
1340 4387 1365 4445 is
1379 4387 1507 4447 inveniri
1521 4404 1578 4447 non

405 4492 504 4563 potuit.
534 4492 833 4581 Marschalckusvero
849 4492 986 4551 Luderitz
1006 4494 1098 4567 petita
1118 4498 1217 4552 nostra
1235 4493 1273 4551 ad
1287 4492 1489 4552 Murobionem
1504 4494 1575 4553 elea·

404 4599 496 4653 torem
511 4592 640 4667 perferre
654 4614 685 4655 sc
699 4596 773 4656 velle
787 4598 904 4671 reecpit.

982 4716 997 4751 ’Β

481 4804 491 4848 1
513 4798 532 4852 l.
551 4802 676 4852 severius.
