3700 5692
965 745 1029 813 tte

413 927 517 990 acerba
530 927 664 1001 monitio,
685 926 789 987 deiude
804 927 912 1002 eleum,
935 928 966 987 id
981 932 1026 987 θεῖ
1040 927 1163 1001 adularis
1179 927 1320 1001 euangelii
1332 926 1490 991 ¹consolatio
1503 923 1572 985 adhi-
1621 932 1626 942 ¹

412 1033 507 1093 beuda
522 1039 574 1093 θεῖ
613 1032 661 1092 Sic
682 1038 711 1093 et
727 1031 754 1092 d.
770 1032 898 1093 loannes
917 1035 1011 1107 primo
1034 1040 1145 1107 mouet,
1172 1050 1207 1093 ue
1222 1049 1385 1109 peccemus,
1407 1034 1432 1092 si
1447 1046 1513 1093 vcro
1526 1031 1571 1089 ali·

413 1139 528 1213 quando
542 1139 601 1198 labi
616 1138 698 1197 uobis
714 1140 863 1213 contingit,
880 1137 1036 1197 remedium
1053 1139 1238 1198 demonstrat.
1267 1138 1386 1199 Addidit
1401 1143 1432 1198 et
1446 1138 1515 1197 alias
1528 1153 1571 1211 op

411 1246 496 1303 timos
519 1243 565 1302 hic
586 1247 773 1305 concionator
794 1260 968 1320 paraeneses.
1005 1244 1033 1303 A
1048 1246 1185 1306 coucioao
1204 1251 1301 1305 autem
1320 1246 1397 1304 idem
1412 1243 1583 1319 predicator·

410 1350 457 1408 hic
477 1350 554 1423 quod
576 1350 639 1410 heri
661 1349 689 1409 d.
706 1351 854 1410 Masculus
875 1349 1025 1425 culpabat,
1049 1350 1158 1411 scilicet
1178 1351 1317 1425 populum
1340 1366 1407 1409 mox
1421 1348 1501 1409 linita
1514 1364 1571 1408 con·

411 1457 492 1514 aione
509 1455 657 1516 discedere
673 1473 725 1515 nec
741 1463 894 1532 expectare
917 1455 1008 1517 donec
1031 1456 1151 1515 ecclesia
1165 1455 1230 1516 Deo
1250 1456 1366 1517 laudem
1382 1461 1412 1515 θῖ
1427 1456 1573 1529 gratiarum

411 1563 538 1621 cationes
552 1580 606 1635 pro
621 1562 690 1623 dato
704 1563 792 1637 uerbo
808 1562 978 1637 decantarit,
996 1568 1158 1637 contempta
1172 1562 1373 1621 bencdmtione
1388 1562 1572 1621 ministrorum

411 1668 501 1726 verbi.
524 1667 607 1727 Licet
623 1668 706 1740 enim,
722 1668 772 1740 ait,
788 1666 992 1728 homunciones
1007 1669 1109 1729 miselli
1122 1674 1151 1728 et
1161 1669 1241 1729 vobis
1251 1668 1357 1728 similes
1372 1669 1472 1741 simus,
1487 1671 1572 1725 umen

411 1773 487 1832 servi
503 1772 550 1832 dei
564 1772 667 1831 summi
682 1779 711 1832 et
725 1774 840 1832 maximi
855 1789 970 1848 sumus,
995 1780 1025 1833 et
1037 1775 1115 1836 illius
1131 1776 1244 1835 nomme
1259 1790 1371 1835 necnon
1386 1789 1424 1835 ex
1438 1772 1573 1845 ipsiusmet

411 1878 505 1938 uerbis
520 1878 600 1938 uobis
616 1878 818 1939 benedicimus.
843 1879 1034 1941 Conciouatus
1049 1885 1094 1941 est
1108 1878 1403 1953 hodieetMusculus,
1419 1879 1500 1953 cujus
1514 1890 1571 1935 eou-

410 1984 485 2042 cioni
501 1984 650 2060 Philippus
665 1990 695 2043 ot
709 1985 837 2045 loannes
851 1984 957 2045 iratres
972 1987 1063 2045 nostri
1087 2001 1144 2045 uua
1167 2001 1231 2044 cum
1254 1983 1392 2045 Galactoo
1418 1981 1571 2043 interfuere.

499 2091 564 2151 Hac
576 2092 642 2165 ipsa
660 2091 708 2149 dic
728 2092 857 2151 Joanaes
878 2091 967 2165 Hagk
985 2097 1015 2151 et
1037 2090 1139 2183 scriba
1154 2089 1277 2159 fratrum
1291 2090 1518 2151 commissionem
1531 2088 1573 2147 Li·

410 2193 485 2256 borii
498 2183 531 2256 et
550 2196 717 2257 Melchioris
736 2198 856 2270 amplius
876 2198 969 2257 locum
984 2196 1091 2259 tubere
1106 2197 1251 2272 nolebant
1266 2197 1297 2257 iu
1311 2213 1357 2255 me
1372 2196 1502 2261 creditur
1515 2192 1574 2255 laba

410 2301 465 2361 ista
479 2308 642 2375 sumptuum
657 2303 786 2363 cudetur.

498 2409 629 2468 Misimus
642 2409 792 2470 Liborium
807 2410 847 2469 ad
855 2410 1076 2470 Atrebatensem
1086 2425 1141 2484 pro
1155 2408 1359 2483 capitulatione
1375 2422 1414 2465 ac
1427 2405 1518 2467 forma
1530 2403 1572 2463 ob

408 2511 562 2588 ligationis.

496 2621 624 2680 loannes
644 2622 694 2679 ille
714 2622 838 2681 Noricus
857 2622 907 2695 ait,
931 2619 1268 2694 hactenus-Pinmingero
1289 2634 1348 2677 uon
1371 2618 1518 2693 obtigisse
1531 2631 1573 2689 op

408 2727 629 2799 portunitatem,
653 2743 753 2786 verum
773 2728 828 2786 bac
846 2727 894 2786 die
912 2728 1006 2800 ipsum
1029 2725 1139 2800 aliquid
1159 2728 1336 2785 tentaturum
1344 2769 1357 2799 ,‚
1382 2740 1422 2783 ac
1442 2740 1518 2799 spem
1538 2720 1572 2779 illi

409 2831 601 2891 essebonum.
1644 2820 1645 2825 ’

497 2936 622 3005 Domine
636 2937 716 3011 Jesu,
732 2938 783 3011 qui
797 2956 850 2999 uos
864 2938 902 2999 ab
916 2939 1000 2998 initio
1017 2938 1143 2997 dilexisti
1158 2938 1265 3013 etipsa
1280 2952 1311 2995 cs
1325 2940 1452 3011 ueritas,
1476 2952 1510 2995 ex
1524 2948 1572 3007 qua

409 3044 501 3101 omnis
516 3042 632 3103 dilecto
646 3045 808 3118 processit·
824 3044 862 3104 ‹ia
876 3045 959 3106 uobis
969 3032 1043 3105 *vere
1058 3060 1095 3103 ex
1108 3047 1171 3104 toto
1186 3041 1272 3103 corde
1287 3048 1317 3103 et
1330 3048 1360 3103 ῖθ
1376 3048 1409 3103 θῖ
1423 3044 1571 3117 proximum

409 3146 538 3221 diligere.
560 3148 661 3207 Amen.
1500 3206 1503 3211 .

496 3255 625 3328 Insignis
639 3252 828 3314 Granderelre
843 3254 983 3328 eiusmodi
999 3262 1090 3317 eraut.
1115 3254 1239 3329 clypeus
1254 3271 1306 3316 seu
1320 3261 1436 3315 scutum
1451 3251 1570 3328 superius

408 3359 534 3439 aquilum
548 3361 660 3435 glauam
677 3357 689 3395 ¹
711 3360 773 3419 alas
796 3360 1004 3434 expendentem
1024 3361 1132 3421 habeus
1151 3358 1270 3421 inieritis
1286 3362 1369 3436 qnasi
1383 3366 1570 3421 transuersum

407 3466 517 3539 positas
530 3466 622 3525 bocas
635 3466 710 3525 latas
724 3466 897 3525 birmicatas
911 3466 978 3525 albo
991 3473 1021 3527 et
1031 3467 1113 3542 nigro
1128 3454 1233 3528 colore.
1258 3468 1351 3543 Super
1365 3467 1482 3541 galeam
1496 3466 1571 3536 ceput

408 3576 453 3630 θεῖ
473 3572 537 3645 apri
559 3586 623 3630 cum
644 3570 718 3644 pede
739 3569 867 3644 eiusdem
886 3577 1047 3633 cruentato.
1086 3572 1157 3633 Cum
1179 3575 1268 3647 igitur
1288 3574 1316 3633 d.
1339 3572 1376 3631 de
1398 3566 1570 3655 Grandevele

407 3677 462 3736 sibi
476 3678 533 3751 ipsi
546 3677 625 3751 quod
638 3694 657 3737 a
672 3693 799 3737 casarea
813 3679 963 3752 majestate
978 3678 1022 3737 his
1038 3680 1125 3738 armis
1137 3685 1167 3739 et
1181 3685 1299 3739 ornatus
1314 3684 1344 3737 et
1358 3676 1511 3737 nobilitate
1526 3673 1569 3733 do·

407 3788 492 3841 natus
510 3784 563 3856 sit,
588 3781 804 3856 congratuletur
822 3800 856 3842 ac
872 3787 1033 3857 propterea
1053 3784 1152 3843 adoaia
1173 3785 1231 3843 suis
1251 3785 1358 3859 passim
1383 3784 1486 3843 subter
1499 3793 1569 3841 arua

406 3886 461 3947 lroo
475 3886 633 3960 symbolum
642 3888 833 3962 interluxerit,
849 3889 958 3949 scilicet
968 3890 1127 3949 ’alcusam
1143 3895 1187 3949 est
1201 3890 1345 3964 superis«
1361 3888 1449 3948 homo
1465 3884 1568 3960 quidam
1640 3878 1641 3907 ³

406 4007 464 4050 non
476 3992 600 4051 insulsus
615 3992 727 4053 addidit
743 3994 874 4069 »aquilas
889 3994 1030 4068 subiicere
1044 3996 1170 4071 porcis«
1187 3994 1315 4055 iudicans
1338 3994 1479 4051 maximos
1499 3988 1567 4049 orbis

396 4101 493 4156 terrm
508 4097 652 4171 principes
667 4098 706 4157 ab
720 4097 883 4157 humillimis
898 4098 1134 4161 homuncionibus
1148 4101 1222 4174 regi.

494 4202 654 4262 Verebatur
670 4208 782 4276 segetes
796 4203 938 4278 madiae
953 4220 1105 4267 concussas
1120 4207 1151 4267 in
1161 4203 1366 4268 eaGermaniae
1381 4208 1476 4277 parto,
1492 4212 1567 4274 quau
1639 4230 1640 4239 κ

405 4309 492 4383 vulgo
507 4308 785 4369 dusRicsuvocaut.
1326 4348 1328 4353 .

493 4416 635 4474 Erremus
649 4430 743 4475 comes
757 4431 777 4474 a
791 4414 965 4489 Schomberg
979 4421 1009 4475 et
1023 4433 1060 4474 m.
1076 4415 1260 4477 Sebastianus
1277 4412 1414 4473 Glaserus
1429 4404 1565 4470 nobiscum

405 4518 504 4593 pransi
518 4526 593 4579 suut.
615 4519 644 4578 A
658 4522 780 4595 mundio
794 4518 885 4581 frater
899 4526 998 4581 noster
1013 4520 1164 4595 Philippus
1185 4524 1215 4578 et
1229 4534 1282 4593 ego
1298 4519 1492 4578 amoenitatem
1505 4513 1563 4571 hor·

404 4630 500 4685 torum
514 4626 840 4701 Lynciiperspeximue.
1257 4610 1262 4624 ¹

983 4742 1000 4781 ἡ

480 4792 656 4911 1.(ςῖθθθθωῖ
771 4885 775 4896 .
