3700 5692
968 683 1015 755 74

408 869 475 946 bus,
505 868 598 932 Deum
625 873 655 929 et
676 867 782 929 estium
804 865 949 931 Glnristum
974 865 1091 932 milne
1116 868 1261 943 pulssnes
1282 870 1344 932 sine
1367 868 1557 934 mtuuisdono

408 982 535 1051 orentes,
551 975 622 1034 nihil
637 972 800 1033 dubitantes
815 989 935 1047 uesper
951 971 1096 1035 Christum
1111 975 1250 1038 exaudiri.
1412 1006 1416 1011 ·
1506 974 1510 979 “

496 1080 608 1141 Eodem
629 1078 707 1152 opud
726 1066 948 1138 leebotense'n
969 1079 1151 1141 sollicitorum
1171 1086 1224 1156 est,
1240 1082 1291 1155 qni
1305 1096 1462 1156 quemquem
1474 1079 1507 1141 de
1519 1083 1559 1141 rie

407 1186 552 1247 declinam
575 1184 678 1259 uellet,
703 1189 800 1243 temen
819 1200 837 1243 e
856 1184 938 1244 nobis
960 1190 1133 1259 praeuentus.
1165 1186 1300 1247 Nondum
1320 1185 1559 1259 musitassent

406 1291 661 1368 mejestusinquit.
675 1290 746 1349 Haeo
756 1289 890 1363 sibyllina
900 1286 1045 1351 iolliouls¹
1053 1306 1107 1349 nos
1121 1290 1337 1365 apprehendere
1350 1297 1381 1353 et
1395 1292 1471 1354 obire
1487 1305 1559 1367 opor·

408 1399 473 1457 tuit.
502 1398 614 1458 Eodem
627 1393 720 1455 teotm
734 1401 779 1455 ost
791 1395 874 1457 nobis
889 1396 1002 1456 obviem
1016 1395 1112 1456 Julius
1127 1394 1218 1471 Pupp,
1235 1397 1412 1473 Nuruburgae
1426 1396 1464 1457 ed
1477 1397 1559 1469 Solen

407 1508 437 1562 et
451 1503 534 1563 Zitiee
550 1503 709 1578 episeopus,
725 1498 881 1562 Amstorfio
892 1502 953 1575 jem
968 1501 1287 1577 secundeeurrogetus.

497 1608 665 1684 Opportune
685 1622 799 1682 qnoque
823 1605 923 1666 doctor
938 1605 1087 1683 Philippus
1102 1607 1169 1669 Seld
1193 1608 1306 1671 obviem
1326 1607 1409 1671 nobis
1424 1605 1465 1683 fit,
1487 1622 1559 1681 quen

407 1714 512 1775 obnixe
525 1712 707 1787 regebamus,
723 1718 756 1771 ut
774 1711 853 1787 epod
867 1711 1086 1775 Atrebatensenl
1100 1715 1235 1789 instaret,
1257 1716 1356 1788 deus
1377 1729 1462 1782 oense
1475 1717 1561 1773 nestro

407 1819 444 1879 ed
459 1820 662 1894 imperatorem
683 1815 790 1878 deterri
809 1822 916 1893 posset
946 1817 1001 1891 Qui
1019 1819 1179 1895 respondit,
1205 1834 1236 1879 se
1251 1836 1384 1895 sperasse
1394 1822 1455 1896 jem
1469 1819 1561 1879 dudum

407 1924 463 1984 boe
469 1921 574 1983 fuctum
586 1939 658 1996 esse,
674 1928 862 1998 posteaquem
875 1938 928 1982 nos
938 1923 999 1997 jorn
1014 1922 1180 1986 obedientes
1195 1941 1265 2001 erge
1277 1940 1431 1987 uersarem
1444 1922 1561 1999 ntuetr

406 2036 465 2092 tem
479 2030 720 2104 prestitissemus.
758 2029 865 2087 Verum
878 2027 909 2089 id
922 2030 1011 2089 meris
1034 2036 1090 2102 est,
1112 2030 1219 2105 inquit,
1242 2030 1328 2105 brues
1341 2032 1427 2107 sulm,
1449 2030 1561 2093 hemines

407 2149 489 2197 more
502 2134 626 2195 eneeori.
649 2134 681 2194 Si
694 2138 792 2193 eutem
805 2134 867 2207 ipse
881 2134 912 2193 in
927 2132 980 2193 hee
995 2149 1028 2195 re
1041 2134 1111 2207 quid
1125 2132 1221 2195 ferere
1235 2150 1349 2211 queem,
1367 2135 1496 2209 ponder
1505 2150 1561 2209 gru

406 2242 456 2303 tie
479 2245 584 2300 vestre
608 2252 701 2298 meum
728 2254 855 2317 eperum.
900 2238 1025 2304 Pollioiti
1050 2255 1146 2301 sennes
1173 2242 1275 2317 igitur,
1308 2244 1339 2301 et
1358 2257 1413 2301 nes
1433 2240 1561 2303 relatus

495 2451 559 2511 Hae
572 2449 620 2511 die
634 2447 774 2511 erebidux
787 2449 892 2511 bulnee
906 2466 959 2511 sue
973 2452 1085 2525 peregit
1103 2458 1134 2511 et
1146 2466 1245 2511 rursus
1260 2451 1291 2509 in
1303 2451 1415 2511 euriem
1430 2466 1506 2513 suem
1518 2447 1562 2509 ni·

406 2555 542 2632 gr'etures
557 2556 672 2626 dieitur,
687 2559 876 2629 speraturque
890 2570 991 2615 rursus
1005 2548 1181 2619 audientiam
1196 2556 1242 2633 (ut
1255 2554 1373 2631 recent)
1388 2554 1467 2617 dure
1487 2552 1562 2615 Libe

407 2662 452 2723 rio
470 2666 501 2720 et
514 2659 685 2720 Wendeline
706 2660 865 2734 injunetnm
884 2667 938 2732 est,
962 2665 994 2721 ut
1015 2677 1033 2721 e
1054 2662 1177 2735 prandio
1198 2661 1316 2726 sedum
1335 2660 1440 2722 iterum
1460 2659 1561 2721 ment.

407 2766 641 2841 Augustunerum
652 2764 761 2841 turgidi
774 2767 860 2827 leonli
874 2782 975 2827 rursus
988 2765 1149 2841 emerendi
1164 2766 1306 2829 eternum.
1336 2766 1415 2827 Nem
1429 2766 1562 2840 episeopus

407 2888 462 2945 pro
483 2887 537 2931 sue
557 2871 757 2944 iurisdictione
783 2870 921 2932 haetenus
945 2872 1103 2946 intereeptu
1127 2887 1261 2945 maguam
1287 2872 1419 2946 peeunioe
1441 2884 1563 2931 summam

407 2978 488 3051 petit.
518 2976 574 3037 Hie
588 2983 653 3038 eret
666 2979 816 3039 vicesimus
830 2976 893 3037 dies
903 2978 983 3050 enee
997 2977 1074 3051 epod
1088 2976 1240 3039 mnoiliun
1253 2977 1404 3051 inperiale
1418 2975 1506 3039 endu
1516 2972 1563 3033 tui·
1634 2982 1635 2991 ¹

407 3096 480 3157 mus,
496 3096 550 3143 nee
563 3082 675 3144 interes
688 3084 826 3158 temperis
841 3098 876 3145 ee
890 3082 1056 3147 intromissi.
1170 3071 1175 3078 ⁴
1473 3080 1480 3092 ’

496 3187 608 3248 Eadem
616 3187 739 3251 tumulus
746 3188 927 3252 dominorum
935 3186 1212 3252 dellendersoleidt
1220 3184 1258 3247 sd
1264 3200 1317 3247 nos
1324 3200 1457 3247 reversus
1466 3183 1564 3259 estqui

410 3292 619 3355 Theodericum
632 3301 745 3370 petrem
759 3295 933 3355 Theodoriei
949 3292 1043 3355 affinis
1057 3294 1149 3353 nestri
1165 3290 1394 3367 increpemur
1407 3289 1508 3353 Etfflie
1520 3304 1562 3363 pe·

407 3398 499 3473 degrs
514 3400 683 3461 decumbere
697 3401 747 3461 eit.
770 3396 894 3460 Affinem
910 3414 981 3461 vero
996 3404 1026 3458 et
1040 3414 1170 3461 sororem
1181 3403 1317 3461 nestrum
1330 3397 1447 3457 Erieum
1460 3393 1564 3465 nuntio

408 3504 646 3577 Mendersebeidt
668 3505 784 3580 degere.
822 3504 936 3565 man
958 3506 1067 3579 neptim
1089 3510 1218 3565 nestram
1238 3520 1275 3566 er
1296 3518 1397 3565 sereno
1415 3517 1478 3563 osse
1498 3495 1564 3573 opud

408 3607 528 3673 fratrem
541 3615 669 3671 nestrnm
684 3611 829 3671 uterinum
842 3608 1003 3672 Arneldum
1018 3610 1149 3671 comitem
1163 3610 1194 3675 in
1209 3606 1360 3675 &unieret
1373 3613 1404 3669 et
1416 3601 1563 3673 Beneuen.

381 3782 387 3790 f
407 3713 554 3776 dominum
573 3717 604 3774 in
617 3715 822 3789 Weuelkoven,
845 3714 1062 3790 Margmethnu
1082 3715 1168 3791 metri
1185 3714 1337 3777 inseruire.
1370 3711 1564 3773 Theodorieun
1634 3742 1635 3757 .

409 3826 543 3894 nepotem
564 3826 694 3883 nostrum
716 3822 747 3881 in
768 3819 1005 3883 Mendorssbeidt
1026 3818 1080 3881 sub
1108 3818 1265 3895 pedagoge
1290 3819 1382 3883 literis
1404 3814 1563 3879 ineundo·-

409 3924 485 3985 Hnie
500 3922 607 3985 tumulo
621 3923 757 3987 mandate
770 3924 809 3986 od
822 3940 950 3987 sorerem
965 3929 1093 3991 nestrum
1107 3928 1136 3984 et
1151 3924 1268 3985 oernitos
1282 3939 1348 3983 suos
1363 3924 1498 3985 dedimus.
1634 3894 1635 3919 ¹

403 4076 412 4097 ,
496 4028 607 4089 Eodem
620 4030 697 4091 inter
710 4035 841 4091 ootevsm
860 4036 890 4091 et
908 4046 1014 4091 nonem
1035 4029 1262 4104 pomeridianum
1275 4045 1328 4101 rex
1342 4030 1469 4103 Thonis,
1489 4038 1564 4101 enen

408 4134 459 4194 elii
474 4132 655 4210 Coninginis
668 4136 765 4211 potius
779 4151 878 4211 regem
892 4140 1006 4211 putent,
1021 4134 1123 4195 lection
1136 4140 1235 4195 veetus
1243 4150 1307 4195 eum
1320 4135 1413 4195 altere
1428 4134 1488 4207 oles
1500 4127 1562 4191 filie

407 4256 473 4299 rum
495 4241 597 4314 exiguo
616 4240 753 4301 satellitio
776 4241 928 4303 mnitutm
947 4240 1105 4315 Augustum
1126 4241 1213 4301 uenit
1247 4240 1325 4304 Gens
1344 4237 1562 4312 senumtbiopiffl·

407 4346 494 4417 eujus
503 4347 623 4405 vestitus
638 4347 764 4407 durem
778 4344 899 4405 redolet.
989 4382 995 4391 ·

496 4450 661 4529 Redeuntes
674 4450 713 4511 ed
725 4451 881 4525 hospitium
902 4450 1025 4511 vidimus
1038 4450 1223 4513 Ambrosium
1236 4450 1358 4529 Ammon
1377 4450 1501 4525 jndicem
1510 4445 1562 4535 bs

409 4555 544 4631 debens,
567 4572 604 4616 ex
623 4572 682 4629 qno
701 4556 838 4625 sebdtsti
856 4572 953 4615 sumus
968 4556 1005 4616 de
1020 4563 1097 4623 emto
1111 4557 1231 4633 Pergeri
1247 4558 1368 4633 hospitis
1382 4556 1475 4619 nemi
1488 4558 1518 4615 et
1527 4550 1561 4611 ei·

986 4688 1002 4723 *

483 4773 496 4817 l
516 4772 529 4820 l
547 4769 646 4822 foliola.
