3700 5692
863 710 930 780 25³

308 892 501 969 doronessenn
529 892 754 968 amomoibeun,
793 893 860 954 Vnd
893 893 934 953 ist
962 909 1047 957 unser
1080 890 1251 954 ireundtlich
1280 894 1356 971 titt,
1381 894 1417 953 E,
1444 894 1479 955 L.

308 1000 394 1061 welle
414 1000 509 1061 dieses
533 1015 572 1059 an
599 997 817 1073 ebegenantenn
841 996 979 1060 Gmdenn
998 1014 1074 1059 vonn
1094 998 1234 1060 Weldeck
1256 996 1410 1061 iordcrlioh
1430 1014 1479 1073 ge·

308 1104 435 1180 langenn
447 1106 581 1179 lassenn,
601 1102 680 1163 vnnd
693 1100 771 1163 tleiss
785 1104 915 1177 babenn,
938 1104 1029 1163 Inenn
1052 1104 1153 1165 dartuu
1168 1104 1348 1179 zubewegen‚
1371 1106 1424 1163 wie
1439 1104 1481 1163 sie

308 1209 367 1271 dan
381 1226 484 1271 vnsers
498 1210 655 1270 versehens
670 1207 736 1268 noll
750 1210 886 1269 werdenn
900 1210 1008 1271 sutbun
1023 1210 1156 1285 tuissent,
1178 1210 1257 1271 vnnd
1271 1208 1338 1269 vitm
1351 1208 1420 1283 foll,
1429 1210 1481 1271 dae

309 1332 343 1375 er
357 1315 419 1375 sicb
434 1316 538 1377 darton
547 1315 614 1374 uolt
628 1313 812 1388 gebraucbon
821 1316 950 1390 lossenm
963 1332 996 1375 so
1011 1320 1087 1375 must
1101 1332 1133 1375 er
1148 1314 1208 1375 sich
1220 1313 1335 1375 nebenn
1350 1314 1480 1375 andernu

308 1419 386 1481 deno
409 1436 537 1483 unsernn
556 1420 714 1482 turderlioh
736 1419 778 1481 vil
794 1421 841 1481 die
860 1423 948 1481 Reise
967 1419 1119 1496 machenn,
1140 1421 1193 1481 wie
1216 1419 1295 1481 lhme
1311 1420 1390 1479 donn
1404 1437 1481 1481 vona

309 1542 384 1587 unns
405 1524 448 1587 off
458 1526 544 1585 Ewer
563 1527 822 1590 uiderscbreibenn
842 1528 912 1588 neitt
930 1527 1009 1587 vnnd
1031 1525 1165 1587 malstadt
1187 1527 1243 1587 solt
1264 1526 1397 1599 bestimpt
1410 1543 1481 1585 wer·

309 1631 395 1707 deun
411 1632 497 1692 Emer
511 1632 584 1693 Lieb
599 1633 721 1693 wollenn
741 1632 803 1692 sich
820 1633 972 1693 hierinnen
991 1631 1166 1696 treundtlich
1185 1629 1264 1692 vnnd
1283 1631 1481 1693 vnueschwert

309 1738 492 1813 ertzeigenn,
511 1738 566 1797 uie
580 1738 632 1797 wir
652 1754 705 1796 uns
728 1736 902 1799 freundtlich
915 1757 952 1799 zu
967 1738 1142 1799 denselbenn
1155 1737 1322 1813 versehenn,
1339 1737 1390 1797 das
1405 1738 1486 1797 seint·

308 1843 361 1903 uir
388 1842 456 1905 vmb
481 1842 517 1901 E.
544 1841 580 1901 L.
605 1838 781 1905 freundtlich
804 1843 1016 1905 mobedienenn
1038 1845 1164 1919 geneigt.
1202 1843 1310 1909 Datum
1334 1843 1478 1917 Weymar,
1599 1902 1601 1909 ,

309 1948 440 2023 dnsags
453 1948 527 2007 nach
543 1946 608 2007 dem
622 1948 767 2023 heiligenn
781 1965 881 2009 neuen
894 1950 1031 2025 Jusege
1046 1966 1122 2011 anno
1138 1948 1246 2009 domini
1260 1947 1390 2021 uveuuj.

419 2054 505 2113 Vonn
525 2052 609 2113 Gotts
630 2053 764 2127 gnadenn
783 2054 895 2115 Johaus
918 2055 1087 2115 Friedericb
1120 2053 1171 2113 der
1195 2054 1278 2115 Elter
1296 2053 1424 2127 Hertuog
1443 2068 1480 2111 zu

308 2158 426 2219 &mun
448 2158 527 2219 vnnd
545 2159 704 2233 geborener
726 2158 879 2230 Ohnrturst
898 2158 1071 2236 Landtgraff
1088 2161 1118 2220 in
1133 2159 1285 2235 Duringeu
1304 2157 1382 2218 unnd
1400 2158 1479 2221 Mer·

307 2262 664 2339 gralaulleissennetc.
1318 2308 1321 2313 -
1524 2246 1527 2253 ⁴

934 2371 1050 2433 Jobunn
1065 2370 1212 2431 friderich.
1228 2368 1263 2429 G.
1280 2366 1433 2429 Cburimst

1098 2493 1184 2537 manu
1200 2477 1318 2551 proprie

1177 2581 1342 2643 Minckuitu
1356 2581 1394 2641 D.
1406 2644 1408 2651 ,

351 2684 426 2747 Dem
447 2684 678 2760 hochgebornsm
701 2702 837 2747 vnnserm
859 2686 976 2747 liebenn
1003 2685 1160 2749 Oheimenn
1183 2688 1285 2747 Hernn
1305 2686 1477 2749 Wilbelmen

442 2791 577 2851 Gravenn
591 2791 671 2853 vnnd
684 2792 829 2853 berun-zu
843 2792 1045 2869 Hennebergk.

397 2897 537 2959 Perlectis
557 2899 655 2972 itaque
676 2898 809 2959 electoris
828 2899 933 2959 litteris
954 2900 1001 2959 die
1023 2899 1043 2974 ij
1064 2898 1197 2959 lanuurii
1218 2899 1404 2975 Vituenbegio
1417 2896 1479 2959 tere
1506 2886 1509 2893 ¹
1540 2964 1544 2973 ,

306 3005 364 3067 boo
378 3004 511 3078 responsi
525 3005 557 3063 in
570 3006 726 3080 praesentia
739 3005 861 3065 illustris
880 3006 1003 3067 domme
1019 3003 1181 3065 Catherinoe
1197 3020 1215 3065 a
1229 3004 1414 3081 Henueberg,
1429 3021 1478 3067 co·

306 3111 426 3171 mitissae
447 3110 478 3168 in
498 3109 716 3183 Schwartzburg
735 3109 829 3167 viduae
852 3110 1026 3169 charissimae
1042 3116 1147 3171 uostrae
1163 3126 1276 3187 socrus,
1293 3129 1356 3187 quae
1372 3117 1402 3173 et
1415 3111 1479 3187 ipsa

307 3215 423 3290 scriptis
440 3231 459 3274 o
480 3219 565 3290 patre
579 3220 609 3275 et
622 3229 759 3289 germano
774 3214 849 3288 suis,
870 3219 904 3274 ut
917 3214 1012 3273 calcar
1027 3216 1109 3273 nobis
1128 3215 1264 3289 adderet,
1294 3234 1351 3291 quo
1366 3215 1477 3277 facilius

305 3319 376 3380 huic
398 3318 570 3395 protectioni
590 3322 810 3393 assentiremus,
838 3319 1057 3393 sollicitaverat,
1081 3318 1181 3379 dotum
1196 3324 1255 3394 est,
1272 3319 1416 3381 eteoclem
1429 3320 1479 3379 die

307 3424 513 3499 litzenbagius
535 3422 574 3483 ad
587 3440 655 3485 suos
668 3426 813 3500 pmnupes
827 3427 884 3484 iter
898 3426 1044 3501 ingressus
1059 3430 1112 3485 est.
1148 3425 1244 3484 Primo
1259 3425 1345 3498 quod,
1362 3440 1426 3498 quae
1442 3424 1478 3485 de

307 3530 501 3605 benignitate,
524 3531 616 3591 amico
636 3528 741 3590 effectu
759 3536 790 3590 et
804 3530 908 3591 oblatis
922 3529 1068 3603 obsequiis
1083 3529 1169 3604 dixit,
1192 3528 1283 3591 fusius
1299 3535 1328 3590 et
1342 3545 1399 3604 qno
1414 3528 1478 3589 lieri

307 3640 408 3713 potest
419 3636 629 3710 benevolentia,
644 3637 675 3696 in
690 3638 783 3695 sinum
797 3636 841 3696 illi
853 3634 1049 3695 refundamus.
1086 3636 1235 3697 Pretereo
1255 3637 1333 3711 qnod
1346 3635 1386 3697 ad
1398 3635 1476 3697 litte·
1494 3662 1496 3667 ¹

306 3758 357 3801 ras
377 3741 561 3801 illustrissimi
587 3740 668 3801 ducis
688 3740 821 3802 Saxoniae
845 3740 906 3799 noti
929 3740 1060 3801 electoris
1081 3746 1134 3801 etc.
1164 3740 1361 3817 benignissimi
1386 3739 1478 3801 nostri

307 3846 445 3921 principis
459 3846 572 3921 attinet,
588 3862 641 3906 nos
655 3862 692 3905 ex
706 3845 750 3905 bis
765 3846 866 3921 optimi
879 3846 1017 3921 pmncipis
1041 3848 1178 3923 optimum
1193 3849 1354 3909 institutum
1368 3860 1479 3907 summe

307 3944 374 4011 oum
387 3952 489 4011 laetitia
502 3950 619 4026 legisse,
642 3967 768 4011 moerore
782 3969 851 4012 vero
871 3968 930 4013 non
944 3966 1033 4025 perro
1049 3954 1111 4027 eius
1125 3954 1179 4013 viri
1193 3954 1314 4028 lapsum,
1330 3954 1411 4029 cujus
1426 3968 1478 4011 no-

307 4074 375 4117 men
388 4058 481 4117 literae
495 4056 585 4132 ipsius
599 4054 678 4115 ducis
694 4056 867 4131 exprimunt,
883 4073 938 4116 nec
951 4057 1059 4132 absque
1079 4058 1178 4120 intimo
1193 4059 1282 4119 animi
1296 4058 1396 4121 dolore
1409 4072 1476 4133 per·
1517 4101 1519 4105 -

307 4163 428 4237 cepisse.
466 4162 587 4235 Nosque
606 4161 716 4236 gratus
735 4162 910 4223 immortales
925 4178 990 4223 oum
1005 4163 1102 4225 debita
1117 4164 1303 4226 submissione
1318 4164 1405 4225 animi
1419 4176 1478 4222 non

307 4268 401 4328 solum
415 4267 481 4328 duci
495 4267 627 4343 electori,
653 4266 706 4327 sed
720 4267 842 4330 dominis
857 4267 917 4327 suis
931 4269 1006 4342 putri
1021 4269 1154 4329 nimirum
1169 4275 1198 4329 et
1211 4267 1291 4330 affini
1304 4269 1411 4330 nostris
1426 4265 1476 4328 ob-

307 4371 458 4434 servandis
473 4378 502 4432 et
522 4371 696 4433 charissimis
715 4389 818 4450 agere,
835 4372 913 4447 quod
937 4374 1054 4450 dignum
1072 4392 1118 4463 me
1134 4374 1282 4448 duxerint,
1304 4391 1361 4449 quo
1375 4375 1406 4434 in
1418 4378 1478 4433 tam

307 4478 359 4554 pia
371 4476 517 4539 iunct‘one
528 4483 689 4551 uterentur,
700 4484 730 4539 et
740 4479 898 4539 certissime
912 4480 992 4555 ipsis,
1003 4479 1081 4556 qnod
1094 4496 1148 4555 pro
1162 4477 1220 4539 fide
1235 4484 1265 4540 et
1278 4481 1400 4541 venato
1414 4494 1479 4540 mes

308 4581 438 4659 offirmo,
462 4598 633 4659 pemuasnm
647 4581 787 4656 babeant,
808 4585 907 4644 sinon
921 4601 985 4645 meo
1000 4600 1045 4645 me
1065 4585 1181 4646 modulo
1196 4587 1315 4645 metiens
1330 4587 1382 4647 tali
1396 4583 1478 4647 oneri

307 4688 448 4765 imparem
458 4688 641 4765 comperiam,
649 4687 759 4746 nullum
766 4688 797 4747 in
808 4693 872 4749 tota
881 4689 1035 4751 Germania
1050 4706 1113 4751 esse
1126 4690 1292 4767 principem,
1309 4692 1355 4751 cui
1368 4692 1478 4765 majore

308 4794 398 4856 enimi
412 4794 563 4857 manate
577 4808 686 4853 morem
700 4808 802 4869 gerere
816 4810 964 4873 cuperem,
980 4797 1059 4872 cujus
1074 4796 1106 4857 in
1118 4812 1165 4859 me
1178 4812 1314 4873 meosque
1327 4795 1478 4875 beneficit,
