3700 5692
943 723 1009 789 242

454 935 458 939 ·
478 904 550 964 Risu
564 921 623 965 non
637 905 784 980 indignum
799 903 887 981 duco,
908 906 987 980 quod
1000 906 1185 969 Anastasiola
1199 902 1260 968 filia
1274 905 1450 983 sigimundi
1463 906 1556 983 hospi·

388 1009 426 1068 tis
441 1012 542 1086 nostri,
558 1012 605 1071 oni
619 1011 657 1072 ab
671 1028 762 1072 uxore
776 1016 877 1073 nostra
890 1011 922 1072 id
937 1012 1059 1073 nominis
1074 1013 1113 1073 ad
1125 1012 1307 1087 baptismatis
1320 1012 1414 1075 unum
1428 992 1556 1089 inditum,

387 1116 502 1176 viderat
520 1123 633 1192 patrem
652 1119 804 1178 sollicitum
827 1117 866 1178 de
888 1133 922 1177 re
949 1120 1088 1179 culinaria
1116 1124 1147 1178 et
1166 1117 1326 1179 dicantem:
1344 1120 1462 1181 Utinam
1485 1136 1559 1181 nuno

387 1219 481 1281 ferina
495 1222 578 1284 nobis
592 1230 683 1300 esset,
707 1230 740 1284 nt
758 1229 855 1284 tantos
876 1224 1007 1285 dominos
1029 1231 1060 1285 et
1073 1225 1180 1285 amium
1202 1241 1256 1299 pro
1272 1224 1413 1299 dignitate
1427 1227 1559 1301 exspers

387 1331 515 1402 possem!
542 1327 633 1391 filiola
654 1330 745 1405 patris
767 1330 989 1391 sollicitudinem
1010 1330 1195 1393 considerans
1218 1331 1272 1391 ait:
1297 1331 1435 1407 Quidni
1456 1330 1558 1407 pater?

387 1441 498 1495 cureat
519 1436 597 1509 quod
616 1438 658 1495 ita
677 1436 714 1496 de
732 1433 827 1497 lerina
846 1432 975 1511 astaus,
999 1452 1063 1497 oum
1082 1437 1152 1495 mihi
1173 1438 1298 1512 supersit
1318 1454 1419 1497 saurus
1441 1436 1558 1498 noster?

387 1541 442 1600 Vel
460 1540 536 1601 huno
555 1539 663 1601 confice
684 1546 715 1600 et
733 1559 806 1617 para
825 1541 977 1603 obsonium
999 1544 1030 1602 in
1052 1542 1206 1604 adventum
1227 1544 1409 1618 susceptricis
1423 1558 1496 1603 mm
1511 1543 1560 1603 do·

386 1646 472 1704 minae
481 1646 653 1706 Anastasia.
676 1646 767 1707 Pater
779 1648 921 1723 arridens,
936 1648 1032 1709 Probe
1043 1664 1151 1725 mones,
1168 1648 1334 1709 oharhsima
1342 1647 1440 1724 liliola,
1455 1650 1559 1724 inquit,

387 1767 503 1811 sanmm
517 1757 597 1813 tuum
612 1753 642 1811 in
657 1752 737 1813 alind
751 1757 864 1828 tempus
879 1754 1065 1815 servabimus.

474 1859 524 1917 xix
538 1858 610 1917 Julii
630 1859 736 1918 litterae
755 1860 980 1920 renunciationis
1005 1862 1036 1919 in
1054 1860 1195 1921 Arnstadt
1214 1860 1347 1935 sigillata
1367 1866 1445 1921 sunt.
1484 1858 1559 1919 Nam

387 1963 515 2025 Lazarus
537 1963 684 2026 aurifaber
703 1982 740 2025 ex
763 1981 822 2025 aere
841 1967 923 2027 nohis
942 1966 1047 2027 ibidem
1069 1966 1192 2041 sigillum
1214 1966 1411 2041 excripserat,
1434 1964 1483 2025 cni
1507 1980 1559 2040 pro

387 2087 476 2145 opera
498 2087 552 2131 sua
570 2069 709 2133 florenum
729 2088 860 2148 aureum,
891 2090 959 2134 nam
978 2074 1019 2134 sio
1038 2074 1114 2134 inter
1134 2088 1187 2133 nos
1212 2078 1383 2134 conuentum
1402 2064 1481 2147 erat',
1512 2070 1560 2131 de·

387 2176 491 2237 (limus.

475 2283 586 2343 Eadem
607 2284 638 2342 in
658 2285 764 2358 templo
781 2284 924 2346 Bonifaoii
942 2274 1106 2346 coricionam
1131 2300 1243 2347 sacram
1264 2284 1423 2347 audivimus
1445 2300 1485 2343 ex
1500 2283 1559 2359 epi·

386 2390 461 2451 stola
475 2391 513 2451 ad
529 2389 656 2451 anuas.
679 2391 761 2449 Inter
774 2396 872 2452 cetera
886 2393 1065 2452 ecclesiastes
1079 2394 1230 2469 propalam
1244 2392 1280 2452 de
1295 2390 1397 2451 fraude
1414 2388 1514 2450 Caroli
1529 2391 1559 2449 in

386 2497 529 2556 loannem
542 2496 721 2557 Friderimm
735 2497 902 2573 electorem,
928 2502 957 2557 et
976 2497 1047 2571 quid
1067 2500 1199 2575 papistici
1214 2488 1348 2573 proceres
1363 2496 1558 2572 simulassent,

388 2605 501 2677 etquid
516 2620 592 2662 nuno
607 2604 644 2663 ab
658 2603 789 2663 omnibns
804 2619 892 2678 agere
906 2604 1080 2679 viderentur,
1096 2604 1294 2680 proclamavit.

474 2708 629 2768 Redditnm
644 2715 689 2769 est
702 2708 785 2768 nobis
800 2714 830 2769 et
843 2710 942 2770 eadem
969 2711 1203 2786 chirographum,
1230 2710 1309 2784 qnod
1322 2709 1452 2770 dominas
1463 2707 1560 2769 socrui

386 2830 474 2887 super
487 2813 565 2873 mille
579 2812 705 2904 florenos
718 2814 841 2875 antehac
856 2816 1037 2877 dederamus.

468 2911 602 2979 ¹Emimns
617 2920 723 2981 ibidem
736 2922 842 2996 pileolo
855 2923 977 2996 pellicea
993 2923 1050 2985 duo
1058 2925 1089 2983 in
1100 2940 1183 2985 usum
1193 2923 1427 2983 concionatorum
1440 2926 1558 2982 nostro·

387 3042 451 3084 rum
464 3027 496 3084 in
511 3025 642 3087 Gorbach
656 3034 686 3087 et
700 3027 846 3088 chunradi
861 3027 938 3089 Coci.
1191 3040 1196 3043 “

472 3130 598 3192 Domina
612 3150 712 3193 socrus
732 3133 875 3194 nobilibus
891 3138 983 3195 nostri
1005 3133 1138 3195 famulitii
1157 3135 1276 3209 singulis
1291 3132 1435 3193 indusium
1450 3132 1559 3193 lineum

388 3238 545 3297 collotenus
568 3244 631 3299 arte
654 3241 777 3315 phrygia
798 3239 941 3315 depictum
964 3246 994 3301 et
1015 3241 1134 3316 singulis
1157 3240 1246 3301 servis
1269 3254 1415 3299 nummum
1438 3254 1559 3299 aureum

385 3343 461 3403 dono
475 3344 565 3405 dedit.

473 3450 583 3510 Eadem
597 3452 628 3508 in
642 3449 783 3512 Amatodt
802 3454 833 3512 in
855 3454 988 3513 ooenobio
1009 3452 1153 3527 quondam
1172 3452 1322 3512 vestalium
1337 3448 1374 3509 ad
1390 3466 1414 3507 s.
1429 3448 1558 3509 Mariam

384 3552 491 3615 dictum
505 3557 685 3615 introeuntes
699 3559 837 3633 templum
860 3558 899 3618 ad
917 3558 1020 3617 lavam
1041 3559 1122 3619 chori
1136 3558 1257 3617 vidimus
1272 3572 1372 3617 saxum
1387 3552 1425 3615 ad
1439 3570 1558 3615 murum

385 3666 525 3734 erectum,
546 3679 563 3721 e
581 3665 699 3737 regione
713 3664 853 3738 sepulcri,
876 3666 907 3723 in
925 3680 983 3739 quo
1004 3680 1097 3723 comes
1111 3664 1253 3724 Henrious
1268 3659 1559 3736 cataphractatusud

384 3766 479 3825 vivmn
494 3769 604 3827 exdeus
619 3775 678 3844 est,
699 3785 716 3827 a
737 3767 834 3830 fronte
852 3768 963 3829 habens
984 3764 1268 3845 insigniachvcnsia
1289 3773 1318 3828 et
1331 3768 1495 3842 Houstein,
1520 3765 1559 3825 ad

384 3872 472 3947 pedes
486 3874 612 3949 galeam,
633 3891 651 3934 a
664 3879 748 3948 tergo
762 3875 893 3949 insignia⁴
902 3874 1120 3950 Schwartzburg
1135 3880 1165 3935 et
1179 3872 1347 3946 Mansfeldt,
1373 3869 1557 3933 frontetenus

385 3979 467 4051 quasi
480 3978 512 4036 in
524 3978 632 4038 tabella
645 3981 783 4053 scriptum
796 3981 863 4040 boo:
886 3980 965 4041 Obiit
983 3981 1078 4041 atatis
1091 3996 1151 4041 snae
1166 3980 1393 4054 quadragesimo,
1417 3980 1468 4037 sui
1479 3978 1557 4051 regi·

385 4084 469 4141 minis
483 4084 611 4156 septimo.
650 4085 685 4143 ln
698 4086 897 4161 quadrangulo
920 4086 1047 4161 eiusdem
1068 4089 1129 4146 saxi
1142 4086 1206 4145 haec
1223 4086 1380 4145 habentur:
1404 4082 1461 4142 dm
1477 4084 1558 4156 Tage

386 4188 505 4248 Henrici
529 4190 605 4249 denn
630 4188 768 4251 momen
792 4192 865 4252 Julii
887 4191 973 4253 Anno
1000 4194 1084 4251 1538
1106 4194 1144 4251 ist
1167 4192 1210 4250 Er
1235 4188 1374 4251 Heinrich
1399 4187 1498 4249 Grave
1520 4204 1558 4247 au

256 4339 260 4345 .
385 4293 625 4370 Schwartzbnrgls
642 4298 696 4357 her
715 4315 751 4356 zu
766 4297 907 4357 Arnstadt
923 4296 1002 4357 vnnd
1018 4296 1271 4358 Snndersnhuusen
1289 4297 1319 4354 iu
1338 4293 1410 4355 Gott
1423 4294 1556 4371 seliglich

283 4480 289 4490 Ι
382 4400 576 4476 verscheiden,
591 4402 656 4462 dem
671 4402 741 4463 Gott
754 4402 873 4478 genade.
897 4401 1085 4463 Obiitautem
1099 4404 1130 4461 iu
1145 4406 1240 4462 oasho
1254 4399 1404 4461 Arnstadt.
1435 4400 1555 4476 Regna·

382 4505 424 4563 rit
449 4504 592 4565 Henricus
619 4507 694 4568 alter
720 4524 798 4568 anno
828 4506 935 4567 domini
966 4510 1060 4568 1488.
1107 4508 1192 4566 Anno
1224 4505 1331 4567 domiui
1366 4506 1450 4565 1451
1483 4506 1557 4567 obiit

381 4608 546 4671 Guntberns
568 4613 689 4685 primus,
731 4613 818 4673 Anno
840 4612 947 4673 domini
973 4614 1058 4673 1530
1081 4613 1153 4675 obiit
1175 4610 1339 4672 Guntherus
1360 4626 1433 4671 avus
1453 4611 1556 4673 uxoris

313 4681 340 4729 ⁹
381 4719 487 4775 nostrae
502 4716 674 4776 Anastasia.

469 4820 524 4880 Est
537 4827 568 4880 et
580 4822 787 4898 sarcophagum
807 4824 912 4886 ibidem
932 4838 969 4884 ex
982 4823 1079 4901 lapide
1094 4824 1196 4887 emoto
1215 4821 1485 4902 reterens-corpora
1499 4836 1557 4898 par
