3700 5692
962 758 1026 825 114

407 946 523 1021 explere
544 947 648 1021 possit,
672 949 714 1018 te,
737 944 939 1017 benignissime
962 948 1054 1017 pater,
1078 948 1110 1001 ut
1130 936 1198 1001 milri
1220 941 1325 1001 misero
1346 944 1375 998 et
1394 940 1564 1015 complicibus

406 1054 477 1113 meis
499 1052 631 1126 spiritum
648 1050 728 1109 illum
747 1056 827 1109 tuum
848 1049 1044 1123 principalem,
1068 1064 1122 1123 pro
1145 1066 1201 1123 quo
1222 1048 1260 1106 ad
1280 1054 1310 1107 te
1324 1046 1412 1105 tantis
1427 1046 1566 1119 gemitibus

405 1158 503 1218 David
525 1158 658 1217 clamavit
678 1162 707 1215 ct
729 1154 864 1215 Salomon
884 1151 961 1212 filius
985 1154 1046 1227 ejus
1068 1156 1170 1229 oravit,
1193 1158 1225 1213 ut
1247 1154 1354 1227 possim
1373 1168 1458 1210 verus
1476 1152 1566 1226 patria

406 1271 499 1339 pater,
514 1269 663 1338 protector
677 1261 730 1320 tibi
743 1261 914 1334 placitorum
937 1264 966 1318 et
986 1260 1090 1319 vindex
1108 1259 1249 1318 malorum
1267 1258 1399 1331 existere,
1422 1262 1508 1330 utque
1523 1273 1567 1329 ego

407 1376 437 1429 et
459 1386 530 1443 quos
552 1368 621 1427 mibi
644 1364 798 1426 subdidisti
818 1366 959 1439 possimus
982 1366 1013 1423 in
1041 1364 1204 1424 obedientia
1229 1369 1281 1423 tua
1303 1368 1331 1421 et
1354 1362 1443 1422 verbo
1464 1360 1514 1422 filii
1533 1362 1568 1418 tui

406 1476 550 1537 benedicti
571 1476 681 1548 vivere,
706 1489 762 1546 quo
783 1471 905 1530 nominis
926 1471 970 1529 tui
989 1470 1163 1530 sacrosancti
1183 1470 1289 1544 gloria,
1314 1468 1491 1529 subditorum
1511 1481 1568 1541 pro·

407 1581 508 1656 fectus,
531 1596 596 1639 mea
617 1583 647 1638 et
668 1578 766 1637 uxoris
786 1582 815 1636 et
832 1575 942 1651 filiolae,
966 1594 1052 1649 quam
1072 1575 1184 1649 dedisti,
1209 1579 1239 1633 et
1257 1573 1429 1648 liberorum,
1454 1588 1521 1647 quos
1540 1570 1569 1629 de

408 1689 537 1747 bonitate
551 1690 602 1743 tua
621 1684 730 1743 doume
750 1683 826 1757 potis
847 1698 886 1757 os,
911 1682 989 1740 salus
1009 1682 1075 1740 bino
1095 1682 1217 1754 eueniat,
1242 1674 1397 1739 clementer
1416 1678 1516 1753 largiri
1534 1678 1569 1736 di·

408 1794 505 1867 gneris
520 1791 667 1863 deprecor.
697 1788 790 1860 quue
804 1794 843 1862 ta,
867 1792 952 1861 pater
971 1787 1104 1861 coelestis,
1128 1804 1181 1861 per
1201 1803 1266 1845 eum
1286 1800 1367 1859 rogo,
1391 1786 1439 1843 cui
1457 1790 1570 1859 potesta·

409 1900 511 1957 tamin
526 1896 598 1955 coelo
619 1901 649 1953 et
668 1896 698 1953 in
716 1900 796 1953 terra
814 1893 1023 1967 contradidisti,
1048 1892 1191 1953 dominum
1211 1898 1241 1951 et
1254 1891 1441 1951 liberatorem
1456 1898 1571 1951 nostrum

409 2005 508 2064 Jesum
529 2001 681 2075 Christum,
705 2016 769 2059 cum
790 2016 847 2073 quo
867 2000 920 2060 tibi
941 2004 970 2059 et
990 2014 1012 2058 s.
1029 2000 1131 2073 spiritu
1151 1998 1276 2071 sitlans,
1299 1996 1390 2057 honos
1408 2002 1438 2058 et
1449 1996 1570 2071 jubilatio

411 2112 441 2169 iu
456 2113 635 2184 perpetuum.
666 2105 768 2165 Αιιιθιι.

498 2216 569 2273 Post
588 2214 752 2272 concionem
771 2211 897 2270 Joanues
916 2209 1008 2270 trater
1029 2216 1058 2270 et
1078 2226 1141 2284 ego,
1165 2210 1244 2269 dubii
1264 2208 1333 2284 quid
1352 2210 1383 2267 in
1399 2209 1514 2281 negotio
1528 2221 1571 2264 no·

409 2326 470 2379 stro
485 2324 630 2393 ageretur,
654 2317 732 2392 quod
747 2318 858 2390 aliquot
871 2316 980 2376 vicibus
995 2316 1195 2376 Atrebatcnsis
1209 2318 1240 2375 in
1256 2314 1461 2390 respondendo
1476 2312 1572 2386 amphi-

356 2459 359 2463 Δ
409 2426 524 2499 bologia
545 2442 614 2484 usus
634 2426 681 2498 ait,
705 2439 768 2481 cum
790 2429 887 2482 tamen
908 2438 956 2482 res
976 2422 1155 2495 apertissima
1172 2421 1264 2494 tropis
1286 2436 1357 2493 opus
1376 2436 1439 2480 non
1457 2418 1572 2479 haberat.

409 2532 509 2592 Visum
524 2536 620 2590 autem
636 2535 680 2588 est
693 2530 786 2601 uobis,
810 2534 843 2587 ut
855 2529 967 2601 Viglius
987 2529 1198 2588 conveniretur.
1229 2528 1258 2586 Is
1277 2526 1359 2586 nobis
1378 2523 1446 2585 beri
1464 2525 1572 2600 primum

409 2635 629 2696 Atrebatensem
651 2638 780 2693 nostram
802 2638 832 2691 et
853 2634 925 2694 alias
952 2634 1140 2708 privatorum,
1165 2636 1197 2691 ut
1219 2634 1274 2707 ipsi
1296 2634 1462 2706 nominant,
1486 2640 1573 2689 causas

410 2742 512 2800 caesari
529 2743 560 2800 in
579 2742 733 2814 praesentia
751 2740 838 2814 Viglii
859 2745 889 2799 et
906 2745 1068 2799 ceterorum
1088 2738 1315 2799 consiliariorum
1330 2754 1393 2797 oum
1410 2735 1573 2810 expositione

411 2852 441 2904 et
456 2847 638 2906 excusatione
653 2845 830 2920 singulorum
846 2846 987 2919 retulisse,
1004 2845 1110 2919 ajebat.
1141 2844 1285 2903 Habuisse
1301 2858 1416 2917 quoque
1432 2856 1517 2915 super
1529 2838 1574 2897 hoc

412 2953 569 3027 consilium,
593 2953 645 3012 sed
659 2953 787 3011 nondum
801 2968 937 3011 caesarem
951 2966 982 3010 se
997 2951 1158 3010 resolvisse.
1189 2950 1246 3038 Ait
1260 2966 1374 3023 quoque
1388 2954 1517 3009 nostrum
1531 2958 1572 3001 uc·

411 3057 523 3130 gocium
538 3058 568 3115 in
582 3058 626 3116 his
642 3057 806 3117 cardinibus
822 3058 942 3129 versari,
959 3057 1037 3130 quod
1052 3057 1076 3115 si
1091 3058 1247 3130 imperator
1263 3054 1496 3128 capitulationem
1510 3051 1574 3108 inter

412 3178 492 3221 suam
513 3164 693 3236 majestatem
713 3168 743 3222 et
762 3162 909 3221 Cattorum
930 3162 1097 3236 prinoipem,
1122 3166 1261 3235 quantum
1280 3176 1332 3219 nos
1353 3162 1515 3230 concernat,
1536 3168 1574 3219 ru·

412 3273 471 3326 tam
491 3268 598 3328 babere
620 3270 702 3343 velit,
726 3284 778 3328 nos
800 3268 885 3327 eximi
906 3266 1036 3341 imperio.
1076 3266 1126 3326 Sin
1146 3269 1241 3326 autem
1263 3268 1354 3331 totam
1375 3257 1573 3337 reprobaverit,

411 3374 592 3449 landtgravio
614 3376 645 3433 in
667 3374 846 3447 possessione
869 3389 922 3431 sua
945 3372 1080 3446 injuriam
1103 3368 1176 3430 fieri,
1217 3370 1287 3429 Cum
1306 3355 1440 3429 Eubulus
1465 3368 1572 3427 diceret:
1642 3396 1643 3461 ᾗ

413 3480 535 3540 Domine
553 3479 664 3552 doctor,
687 3485 831 3551 utcunque
851 3492 882 3535 se
902 3493 950 3536 res
971 3477 1086 3551 habeat,
1110 3482 1207 3536 tamen
1228 3458 1323 3536 vocati
1346 3492 1364 3533 a
1385 3470 1574 3535 commissoriis
1642 3482 1643 3499 ι

413 3601 545 3645 caesareae
566 3584 724 3658 majestatis
746 3583 847 3642 iisdem
869 3583 1062 3643 obedientiam
1083 3584 1276 3657 praestitimus.
1315 3582 1355 3639 Et
1376 3586 1472 3661 recte,
1494 3575 1575 3651 inquit

413 3692 533 3764 Viglius.
564 3690 640 3749 Nam
659 3690 715 3748 nisi
733 3689 764 3748 id
783 3705 802 3747 a
820 3678 901 3748 vobi's
920 3687 1027 3748 iactum
1046 3687 1157 3763 fuisset,
1179 3687 1239 3762 jam
1258 3687 1386 3747 maximis
1408 3688 1440 3745 in
1454 3682 1574 3760 periculis

414 3802 443 3855 et
458 3811 509 3856 vos
529 3800 559 3855 et
577 3812 625 3854 res
644 3801 747 3854 vestrae
767 3792 870 3853 forent.
902 3795 969 3869 Sed,
992 3795 1094 3869 iuquit,
1118 3794 1199 3854 brevi
1218 3794 1377 3868 imperator
1396 3791 1433 3850 de
1449 3788 1573 3864 capitula·
1642 3856 1643 3875 ,

413 3887 492 3959 tione
508 3906 538 3959 et
552 3901 616 3959 aliis
635 3901 762 3959 articulis
784 3918 815 3961 sc
835 3900 1014 3959 resoluturus
1035 3905 1086 3959 ast.
1116 3901 1314 3972 Interrogatus
1335 3901 1440 3971 autem,
1464 3910 1527 3953 num
1540 3890 1574 3949 illi

351 4033 357 4047 ·
414 4006 575 4064 consultum
594 4006 750 4080 videratur,
770 4006 857 4065 hodie
876 4007 954 4080 apud
973 4004 1195 4065 Atrebatensam
1216 4004 1380 4077 sollicitare,
1405 4000 1519 4073 suadeo,
1539 3998 1574 4054 iu-
1642 4030 1643 4067 ι

415 4111 487 4184 quit,
510 4110 633 4170 hoodie
655 4102 800 4185 idipsum
822 4112 981 4171 intermitti.
1021 4110 1089 4170 Non
1111 4112 1186 4169 enirn
1209 4116 1267 4170 tam
1289 4110 1344 4169 cito
1368 4107 1504 4168 resolutio
1524 4098 1573 4171 fiat,

414 4216 544 4276 indicans
559 4222 701 4292 praetcrea
715 4217 797 4276 brevi
812 4216 907 4275 omnia
922 4216 1053 4275 absoluta
1071 4216 1116 4274 iri.
1642 4192 1643 4273 l

503 4322 591 4382 Venit
605 4322 724 4381 Carolus
740 4337 757 4380 a
773 4320 906 4381 Stockcm
922 4310 1098 4381 eadem'iere
1117 4338 1134 4380 a
1156 4320 1321 4379 doctoribus
1341 4318 1440 4377 Haseu
1462 4321 1489 4375 et
1507 4309 1573 4370 Mar·

417 4425 527 4497 quardo
542 4444 573 4486 se
588 4429 733 4502 accepisse
747 4428 887 4499 inquiens.
1642 4494 1643 4515 Χ

504 4530 659 4591 Mauritius
676 4532 783 4591 elector
797 4532 884 4590 bodie
899 4536 965 4605 post
977 4529 1134 4590 'secundam
1150 4528 1251 4602 noctis,
1271 4528 1338 4587 licet
1352 4528 1456 4587 multos
1469 4534 1573 4597 magut-
1642 4538 1643 4543 ¹

415 4640 459 4693 tes
480 4636 518 4695 ad
535 4638 712 4709 jentaculum
730 4638 889 4712 invitasset,
913 4637 1078 4709 surreptitia
1099 4652 1164 4694 cum
1185 4636 1284 4710 paucis
1306 4632 1386 4709 abiit,
1410 4648 1471 4691 oum
1490 4636 1573 4689 nmen

416 4740 446 4797 in
461 4742 578 4800 multam
594 4741 670 4799 diem
684 4742 770 4802 aulici
786 4748 815 4802 et
830 4744 959 4817 supellex
974 4740 1117 4801 subsecuti
1133 4742 1198 4800 sint.

505 4845 615 4905 Eadem
630 4846 807 4907 Coloniensis
822 4848 1053 4921 archiepiscopus
1068 4848 1163 4907 comiti
1176 4862 1194 4907 a
1209 4846 1324 4907 Nasson
1338 4824 1468 4918 querelas
1482 4836 1572 4897 civium
