3700 5692
938 744 1006 824 alo

384 938 456 1000 illud
475 938 582 1001 factum
604 956 667 999 esse
685 940 852 1000 inconsultis
872 938 1121 1000 concionatoribus
1149 939 1278 1000 omnibus
1300 954 1355 1000 nec
1377 940 1420 1000 illi
1441 940 1554 1015 quidem

384 1048 499 1106 interim
518 1045 588 1105 illud
604 1045 642 1105 ad
656 1046 808 1121 legendum
823 1046 988 1107 exhibitum.
1027 1046 1074 1107 Ad
1095 1048 1157 1107 haec
1178 1064 1242 1106 cum
1261 1048 1425 1107 rescivisset
1440 1053 1555 1107 senatus

385 1153 452 1212 Vito
467 1152 584 1214 aliunde
605 1153 750 1228 exemplar
769 1152 852 1213 istius
875 1152 942 1212 libri
960 1154 1091 1228 missum,
1117 1170 1169 1227 per
1188 1152 1350 1228 senatorem
1371 1152 1499 1227 aliquem
1517 1153 1556 1212 illi

384 1258 571 1334 mandarunt,
598 1266 630 1319 ut
650 1276 715 1318 eum
734 1258 862 1319 libellum
884 1258 992 1318 nemini
1014 1265 1111 1319 mutuo
1128 1259 1219 1319 daret.
1257 1260 1380 1333 Insuper
1394 1259 1513 1319 omnino
1527 1276 1557 1319 se

386 1366 544 1426 abstineret
558 1367 710 1440 quicquam
724 1367 771 1426 vel
786 1372 886 1425 contra
900 1365 946 1425 vel
962 1363 998 1425 de
1012 1364 1066 1422 hoc
1079 1364 1176 1424 libello
1191 1364 1229 1424 ad
1244 1379 1405 1439 quenquam
1420 1365 1555 1438 scribere,

384 1487 421 1531 ne
435 1471 483 1532 vel
498 1488 529 1532 se
543 1472 636 1546 ipsum
650 1472 697 1531 vel
712 1472 811 1530 urbem
826 1472 963 1530 Noricam
984 1471 1080 1544 aliquo
1102 1468 1279 1530 incommodo
1295 1467 1434 1530 afficeret.
1462 1468 1557 1529 Probe

385 1579 462 1636 enim
476 1579 532 1652 ipsi
547 1582 728 1652 perspectum
744 1593 821 1651 esse,
842 1594 913 1651 quas
929 1577 1028 1636 turbas
1051 1576 1173 1635 antehac
1187 1574 1337 1635 scribendo
1352 1576 1477 1635 moverit
1492 1576 1557 1652 (boo

385 1688 481 1742 autem
496 1683 602 1743 dictum
618 1687 680 1742 erat
696 1682 732 1742 de
746 1682 852 1741 litteris
867 1682 927 1743 Viti
941 1682 979 1742 ad
993 1682 1142 1741 Brentium
1162 1681 1199 1742 ab
1213 1682 1351 1757 Hispanis
1366 1677 1556 1755 interceptis).

384 1789 532 1849 addentes
547 1791 665 1863 iusuper
678 1790 780 1863 minas,
812 1805 843 1848 so
857 1790 1014 1862 asperrime
1029 1789 1059 1846 in
1073 1788 1166 1861 ipsum
1181 1788 1441 1861 animadversuros,
1465 1789 1492 1846 si
1508 1787 1557 1847 ali·

385 1903 431 1955 ter
445 1896 482 1955 ab
497 1896 560 1969 ipso
576 1892 668 1954 fieret.
701 1893 775 1967 Quid
789 1898 888 1968 ageret
901 1895 1003 1969 miser,
1025 1896 1075 1968 qui
1089 1894 1136 1952 vix
1150 1894 1277 1967 linguam
1297 1911 1333 1954 ex
1347 1894 1479 1954 omnibus
1495 1908 1555 1952 eor-

385 2002 464 2077 poris
479 1999 614 2059 membris
629 2000 782 2059 volubilem
796 1998 902 2059 habet?
931 2000 1091 2074 Respondit
1111 2004 1207 2059 mmen
1222 1994 1323 2059 contra
1337 2001 1399 2058 haec
1413 2001 1555 2061 tonitrua:

385 2107 484 2167 Caesar
498 2108 552 2167 sub
567 2123 620 2175 suo
640 2108 754 2166 nomine
772 2106 877 2165 librum
895 2106 973 2164 hunc
987 2105 1017 2164 in
1032 2103 1177 2180 publicum
1191 2104 1309 2182 prodire
1324 2106 1429 2182 voluit,
1452 2113 1483 2166 et
1497 2123 1555 2182 vos,

386 2214 495 2276 domini
508 2215 574 2287 mei,
589 2214 666 2272 huuc
681 2214 775 2273 celare
789 2209 895 2271 vultis?
917 2212 946 2270 Is
962 2228 1030 2272 vero
1045 2212 1130 2273 modo
1145 2228 1233 2287 penes
1248 2228 1300 2273 noa
1315 2227 1374 2271 non
1389 2217 1443 2272 est.
1475 2212 1555 2284 Quod

385 2327 482 2381 autem
496 2318 657 2396 prohibetis
672 2336 717 2380 me
733 2320 867 2394 seribere,
883 2336 942 2379 non
957 2320 1101 2393 gravabor
1113 2319 1193 2379 vobis
1203 2318 1329 2394 obedire,
1346 2320 1414 2393 quia
1428 2334 1482 2379 neo
1496 2336 1554 2379 ma·

385 2445 453 2487 num
468 2446 522 2489 nec
536 2427 639 2504 pedem
652 2429 709 2487 rite
724 2443 839 2486 movere
854 2442 967 2499 queam
1007 2424 1063 2485 Sed
1088 2425 1157 2485 deus
1176 2425 1266 2501 bone,
1289 2442 1375 2499 quam
1394 2442 1499 2486 vereor
1520 2442 1557 2485 ne

385 2534 467 2595 vobis
486 2534 554 2594 muli
577 2534 733 2607 quidquam
752 2532 807 2591 hoc
826 2533 987 2590 institutum
1007 2531 1168 2606 praetendat
1180 2537 1244 2591 eto.
1285 2530 1422 2591 Consules
1442 2537 1557 2591 verost

385 2645 501 2701 senatus
516 2640 591 2700 diem
606 2657 693 2699 unum
710 2646 740 2699 et
753 2639 875 2698 alterum
887 2638 1032 2712 perpetuis
1044 2638 1300 2697 consultationibus
1314 2638 1472 2714 insumunt,
1490 2638 1557 2713 quid

384 2744 546 2806 faciendum
567 2746 604 2803 sit
619 2761 706 2819 super
720 2744 775 2804 hoc
790 2744 915 2820 interim,
932 2747 961 2803 et
975 2744 1096 2803 maxime
1112 2742 1188 2817 quod
1203 2743 1304 2804 doctor
1317 2744 1465 2803 Hernicus
1480 2744 1558 2804 Hasc

387 2857 418 2912 et
438 2852 569 2912 dominus
590 2850 626 2910 de
646 2850 725 2922 Lyra
745 2852 860 2909 caesaris
885 2852 999 2911 nomine
1018 2851 1077 2923 jam
1103 2854 1164 2909 tum
1186 2850 1377 2924 Norinbergaa
1399 2857 1558 2926 praesentes

385 2974 440 3034 pro
461 2972 600 3031 responso
620 2957 816 3016 sollicitarent.
859 2956 989 3016 Tandem
1008 2958 1082 3015 victo
1109 2954 1290 3016 verecundia
1311 2954 1421 3029 pudore
1444 2954 1558 3017 Christo

386 3064 509 3139 gratiam
523 3064 639 3122 caesaris
659 3059 818 3137 praeferunt
832 3078 866 3120 ao
881 3063 997 3122 interim
1011 3064 1138 3136 recipere
1154 3068 1284 3123 statuunt
1299 3078 1333 3121 ac
1348 3063 1441 3121 solum
1458 3063 1558 3123 Osiau·

387 3168 470 3228 mum
486 3170 588 3228 ceteris
608 3168 854 3229 concionatoribus
880 3169 1017 3243 neglectis
1037 3169 1076 3229 ad
1095 3186 1125 3228 se
1144 3174 1264 3244 vocant,
1289 3169 1369 3242 huic,
1387 3184 1453 3242 quae
1469 3185 1558 3229 oaesar

386 3275 498 3335 senatui
512 3273 656 3333 mandarit
670 3274 753 3333 simul
768 3279 797 3333 et
818 3272 959 3334 terrificas
980 3276 1072 3333 minas
1093 3276 1181 3348 ipsius
1202 3279 1349 3350 exponunt
1371 3272 1557 3348 Andreaeque

386 3395 473 3455 super
484 3380 735 3440 hacreoonsilium
749 3382 858 3454 petunt.
877 3380 1101 3470 Qmonscudilis
1110 3380 1250 3439 Osiander
1264 3360 1320 3440 ait:
1337 3378 1557 3441 Consiliumhoc

385 3484 463 3560 apud
476 3492 586 3546 vosmet
599 3488 676 3560 ipsos
690 3485 813 3545 habetis.
837 3487 913 3545 Nam
928 3488 1029 3546 videor
1039 3488 1100 3561 jam
1114 3474 1166 3547 vos
1181 3502 1215 3545 eo
1231 3489 1371 3560 spectare,
1388 3491 1422 3546 ut
1435 3486 1556 3561 pedibus

385 3594 417 3652 in
432 3572 602 3653 sententiam
619 3594 734 3651 caesaris
750 3592 831 3652 eatis.
855 3593 982 3653 Verbum
996 3595 1090 3651 autem
1107 3592 1152 3651 dei
1169 3598 1198 3651 et
1213 3592 1343 3651 assiduus
1358 3591 1445 3666 hujus
1461 3608 1555 3653 comes

385 3714 456 3757 crux
469 3698 599 3758 homines
612 3699 742 3774 requirit,
758 3700 807 3772 qui
822 3700 969 3773 quippiam
984 3699 1029 3758 vel
1045 3700 1105 3773 ejus
1128 3700 1222 3781 gratia
1237 3699 1369 3759 amittere
1383 3699 1431 3759 vel
1446 3700 1555 3774 impen-

384 3804 453 3864 dere
467 3804 565 3864 velint.
589 3802 660 3862 Cum
675 3809 770 3863 autem
784 3821 836 3864 vos
851 3805 871 3862 ii
887 3804 959 3878 sitis,
981 3806 1030 3879 qui
1046 3804 1195 3864 commoda
1209 3810 1305 3864 vestra
1319 3805 1411 3878 magis
1427 3808 1459 3863 et
1473 3810 1554 3865 trau·
1654 3824 1655 3875 j

384 3909 553 3982 quillitatem
568 3910 719 3984 respicitis,
735 3910 856 3984 potestis
871 3912 1012 3985 accipere.
1036 3910 1079 3967 Ac
1093 3912 1134 3969 sic
1148 3910 1280 3969 dimissus
1289 3915 1348 3990 est.

473 4013 612 4073 Consules
631 4020 727 4074 autem
747 4022 776 4075 ct
795 4021 912 4076 senatus
932 4017 1080 4075 conventis
1105 4016 1276 4089 primoribus
1298 4017 1378 4076 urbis
1399 4022 1429 4075 et
1449 4016 1486 4076 iis
1509 4016 1555 4090 qui

383 4118 471 4178 telam
485 4118 561 4178 hanc
574 4119 633 4179 texi
649 4118 793 4194 volebant,
810 4121 938 4183 edicunt:
963 4122 1037 4193 Quia
1057 4138 1182 4182 casarea
1195 4124 1332 4197 maiestas
1348 4121 1396 4199 (iis
1413 4122 1489 4181 euim
1505 4136 1552 4181 au-

384 4224 528 4285 dientibus
547 4226 663 4286 iuterim
678 4225 748 4285 illud
761 4227 866 4288 lectum
881 4227 937 4303 est)
952 4232 1023 4305 haec,
1039 4246 1102 4304 quae
1122 4230 1180 4303 legi
1195 4228 1325 4303 audistis,
1342 4245 1407 4287 oum
1423 4228 1552 4290 electori·

382 4330 446 4405 bus,
461 4331 639 4407 principibus
655 4338 685 4392 et
700 4332 848 4393 ordinibus
863 4336 977 4410 imperii
992 4335 1135 4395 ordinavit
1154 4339 1183 4394 ct
1197 4336 1258 4393 hacc
1274 4336 1384 4393 servari
1398 4336 1476 4394 serio
1492 4336 1552 4411 jus-

383 4436 430 4509 sit,
446 4452 499 4497 nos
514 4436 740 4514 considerantes,
764 4440 789 4498 si
808 4440 871 4513 ejus
890 4440 1031 4500 voluntati
1050 4442 1080 4499 in
1100 4438 1155 4499 hac
1174 4441 1246 4500 urbe
1260 4442 1423 4513 resistatur,
1448 4446 1555 4515 quanta

383 4540 513 4615 pericula
531 4540 598 4599 huic
616 4543 780 4616 reipublicae
802 4532 982 4628 immineant,
1008 4551 1036 4606 et
1060 4545 1237 4620 potissimum
1257 4560 1314 4621 quo
1333 4544 1396 4603 haec
1411 4545 1554 4607 ordinatio

383 4646 443 4703 sive
459 4644 614 4706 declaratio
634 4651 749 4709 caesaris
770 4651 806 4710 de
828 4652 967 4725 religione
982 4668 1040 4710 non
1055 4657 1195 4727 perpetuo
1218 4652 1255 4709 sit
1270 4650 1322 4710 scd
1336 4652 1451 4711 interim
1468 4652 1553 4711 dura·

382 4751 459 4822 tura,
475 4751 660 4825 quoadusque
675 4756 833 4830 concilium,
850 4756 998 4831 quonjam
1013 4758 1043 4815 in
1053 4754 1162 4817 foribus
1175 4762 1227 4832 eat,
1239 4760 1347 4817 certum
1363 4756 1433 4831 quid
1448 4760 1556 4817 statuet

384 4857 448 4926 eto,
464 4854 657 4930 imperatoria
671 4861 814 4934 majestati
828 4879 937 4924 morem
953 4879 1053 4939 gerere
1069 4864 1229 4925 statuimus.
1266 4862 1307 4925 Et
1325 4873 1392 4925 mox
1408 4860 1555 4925 amandati
