3700 5692
850 726 914 792 109

294 906 691 981 Responditdtrebatensem
705 908 760 982 ipsi
776 907 861 968 hodie
875 923 928 982 per
943 926 1063 984 puerum
1078 906 1279 987 demandasse,
1291 911 1367 986 quod
1382 911 1465 973 modo

293 1030 354 1072 non
367 1017 452 1073 vacet
466 1030 531 1073 eum
545 1013 655 1073 audire.
694 1013 860 1089 Opportune
875 1021 972 1075 autem
986 1018 1068 1091 pueri
1082 1015 1137 1076 duo
1153 1017 1226 1077 alter
1239 1018 1362 1077 alterum
1377 1031 1464 1077 cursu

294 1119 459 1192 praevenire
474 1117 679 1178 contendentes
701 1118 828 1191 Viglium
841 1117 879 1178 sd
894 1121 1009 1181 missam
1021 1120 1221 1183 Atrebatensis
1236 1128 1384 1185 vocarunt.
1405 1125 1463 1183 Ita·

293 1238 351 1296 que
365 1224 534 1296 petitionem
548 1228 676 1283 nostram
690 1224 866 1283 iteravimus.
1334 1232 1337 1240 “

383 1327 573 1411 Wendelinus
587 1328 665 1404 apud
680 1328 825 1407 doctorem
839 1330 1017 1397 Hasentuit.
1057 1331 1114 1392 Sed
1128 1349 1184 1393 vox
1199 1338 1257 1408 est,
1279 1337 1308 1394 11
1322 1337 1464 1407 praeterea

291 1434 375 1494 nibil.

380 1537 493 1598 Eadem
508 1537 627 1598 carolus
649 1556 668 1599 1
681 1540 816 1600 Stockem
836 1556 900 1617 cum
922 1540 1072 1603 comitibus
1088 1558 1106 1602 a
1121 1543 1261 1605 Waldeok
1276 1545 1314 1605 ad
1329 1545 1461 1605 comitem

289 1643 479 1703 wilhelmum
493 1660 512 1703 a
526 1644 641 1705 Nassau
655 1660 792 1717 pransum
805 1645 886 1705 abiit.

380 1750 483 1808 Annus
505 1749 739 1824 quadragesimus
762 1749 850 1824 supra
874 1752 1149 1825 sesquimillesimum
1164 1755 1272 1829 agitur,
1310 1753 1387 1827 quod
1402 1753 1461 1827 pri·

289 1872 369 1913 mum
382 1856 460 1915 inter
475 1854 622 1915 (lattorum
637 1855 782 1930 principes
798 1861 827 1916 et
841 1856 958 1917 comites
973 1874 991 1917 a
1005 1858 1119 1920 Nasson
1141 1876 1228 1934 super
1242 1861 1379 1919 comitatu
1394 1857 1461 1917 011-

289 1958 447 2021 tineliboco
462 1962 509 2037 agi
524 1966 649 2037 coeptum
664 1965 717 2021 est.

329 2097 332 2110 ›
380 2066 480 2127 dbbas
496 2066 678 2140 aKemptem
697 2068 754 2140 ait,
777 2082 809 2126 se
830 2067 895 2142 plus
913 2067 991 2127 mille
1012 2068 1184 2128 rusticorum
1198 2068 1317 2143 habere,
1343 2068 1393 2141 qui
1407 2084 1459 2126 un·

289 2188 378 2247 quam
392 2171 518 2247 panibus
532 2188 568 2232 ex
583 2172 697 2246 siligine
711 2172 757 2232 vel
778 2172 874 2232 tritico
889 2172 934 2230 usi
949 2173 1020 2247 sint,
1043 2178 1072 2233 et
1086 2173 1186 2233 habuit
1201 2190 1259 2233 non
1273 2189 1362 2231 unum
1376 2172 1460 2246 hujus

288 2278 334 2335 rei
347 2274 407 2336 ride
422 2276 538 2351 dignum
551 2282 664 2351 testem,
681 2294 745 2337 cum
759 2278 842 2337 nobis
857 2278 1031 2339 1111111111
1046 2268 1180 2338 credibile
1195 2276 1349 2338 videretur.
1370 2277 1458 2351 Adje-

288 2382 329 2441 cit
341 2398 413 2441 vero
428 2384 489 2457 ipse
512 2386 589 2443 inter
602 2383 656 2443 hos
670 2383 823 2443 nonnullos
839 2398 911 2457 esse,
929 2399 1049 2457 qnorum
1065 2383 1152 2443 annui
1167 2388 1322 2457 proventus
1337 2381 1375 2442 ad
1389 2399 1460 2442 non-

215 2467 218 2471 4
288 2492 392 2561 gentos
408 2488 550 2547 11111111
564 2504 667 2548 aureos
683 2487 916 2549 extenderentur.
937 2494 944 2501 ‘

380 2592 492 2652 Eadem
506 2591 564 2651 dux
578 2594 719 2654 Ernestus
733 2596 839 2668 petitas
853 2593 965 2653 litteras
981 2593 1062 2653 nobis
1078 2593 1162 2652 misit.

380 2698 546 2757 Joachimus
560 2697 848 2773 Brandenburgensis
867 2699 975 2758 elector
990 2699 1160 2758 Michaelem
1181 2698 1261 2757 illum
1276 2702 1459 2771 personatum

290 2804 490 2863 Sidoniensem
510 2804 672 2877 episcopum
691 2806 845 2864 multorum
863 2804 1077 2865 mendaciorum
1092 2808 1121 2863 et
1141 2801 1216 2877 qood
1230 2818 1331 2861 zonam
1346 2802 1460 2875 agiliter

288 2909 461 2969 transilierit
474 2910 605 2982 convicit,
621 2925 672 2969 neo
687 2910 918 2984 archiepiscopus
934 2908 1111 2971 Coloniensis
1127 2908 1262 2969 Michaeli
1280 2906 1415 2983 prasidio
1429 2906 1459 2965 in

287 3013 423 3074 omnibus
438 3029 500 3074 esse
515 3015 614 3073 voluit.

380 3118 557 3179 Coloniensis
573 3120 608 3179 de
623 3120 731 3193 scripto
746 3121 890 3179 uxorculae
904 3120 983 3193 apud
996 3119 1165 3179 Anaxoncm
1180 3124 1352 3191 conquestus
1367 3121 1420 3176 est.

378 3225 490 3285 Eadem
516 3225 737 3300 christophorus
760 3226 818 3285 dux
844 3242 863 3283 a
889 3220 1075 3297 wirtenberg
1103 3228 1131 3305 11
1157 3238 1250 3281 comes
1266 3208 1456 3296 Montispelli·

288 3332 370 3391 cardi
384 3330 574 3405 quadraginta
589 3330 731 3404 equitibus
746 3330 952 3389 concomitatus
966 3328 1022 3387 huc
1036 3327 1186 3387 advenisse
1202 3325 1361 3385 dicebatur.

373 3434 542 3510 'Stephanus
563 3436 689 3495 medicus
708 3450 744 3494 ex
758 3435 855 3494 Bredo
875 3450 940 3493 cum
959 3436 996 3495 ab
1010 3433 1141 3494 Adriano
1163 3432 1318 3496 aZertzen
1333 3432 1456 3489 interro·

286 3546 421 3616 geretur,
445 3543 592 3616 cujuusnam
606 3538 674 3601 fidei
689 3546 773 3614 esset,
793 3538 954 3614 respondit:
994 3539 1065 3601 Cras
1079 3538 1132 3598 tibi
1147 3536 1337 3612 respondebo,
1354 3540 1457 3595 notans

288 3647 517 3721 interrogantem
531 3648 561 3705 in
576 3663 609 3705 re
623 3647 716 3705 minus
731 3645 808 3704 seria
819 3646 929 3719 jocare.
1372 3708 1373 3713 η

376 3753 448 3826 xxiij
462 3753 536 3826 Maji
557 3753 586 3810 in
608 3753 714 3825 templo
735 3751 877 3809 minorum
898 3749 926 3810 d.
943 3750 1111 3811 Leonardus
1135 3764 1170 3807 111
1192 3763 1254 3821 cap.
1275 3747 1396 3807 Joannis
1421 3748 1455 3805 31

289 3857 380 3918 »Hac
392 3862 440 3917 est
459 3863 555 3917 autem
569 3857 779 3929 condemnatio,
795 3855 873 3930 quod
886 3855 937 3914 lux
957 3856 1035 3915 veuit
1056 3856 1085 3913 in
1100 3852 1236 3913 mundum
1251 3856 1280 3911 ct
1295 3851 1457 3911 dilexerunt

285 3962 417 4021 homines
440 3964 531 4037 magis
546 3961 680 4022 tenebras
696 3976 783 4035 quam
797 3961 898 4021 lucem.
936 3960 1029 4020 Erant
1049 3960 1124 4019 enim
1146 3975 1246 4018 eorum
1268 3958 1455 4031 malaopera.

287 4066 388 4125 Omnis
403 4069 477 4126 enim
493 4069 541 4140 qni
556 4068 632 4125 mala
647 4068 716 4141 agit,
733 4065 795 4126 odit
808 4065 910 4141 lucem,
927 4082 980 4125 nec
994 4066 1073 4125 venit
1087 4065 1125 4125 ad
1139 4066 1242 4138 lucem,
1257 4069 1290 4124 ut
1305 4063 1457 4137 conspicua

285 4170 358 4231 fiant
371 4170 558 4247 factaipsins,
575 4170 650 4245 quod
660 4188 713 4244 per
721 4172 815 4231 Deum
823 4172 881 4230 sint
888 4168 984 4231 lacta«
1002 4176 1066 4246 etc,
1082 4172 1187 4245 populo
1203 4170 1386 4229 concionatus
1402 4174 1454 4241 est,

284 4283 420 4351 repetens
443 4278 549 4352 primo,
573 4292 638 4349 quse
652 4275 716 4335 heri
731 4276 876 4350 docuerat,
898 4275 1031 4334 nimirum
1052 4273 1128 4350 quod
1142 4275 1261 4334 credens
1277 4271 1454 4346 111111111-

284 4389 342 4458 tur,
358 4382 524 4443 incredulus
539 4385 635 4440 autem
646 4379 792 4453 judicatus
807 4382 852 4439 sit.
892 4380 984 4453 Quam
1000 4386 1095 4440 autem
1116 4380 1177 4438 11111
1192 4378 1336 4437 sententia
1350 4375 1456 4435 Christi

284 4489 394 4549 mundo
409 4504 467 4546 non
482 4486 623 4560 arrideat,
644 4503 680 4545 ex
699 4486 754 4545 hoc
767 4490 882 4559 patere,
906 4485 1084 4559 quodetiam
1103 4484 1236 4543 tenebras
1251 4483 1384 4557 amplecti
1398 4488 1456 4541 11-

283 4592 347 4653 lint
384 4592 577 4653 1111111111
599 4592 753 4664 loannem,
770 4589 944 4650 ‘austerioris
963 4589 1030 4649 vitae
1051 4590 1157 4662 virum,
1179 4588 1280 4647 audire
1300 4584 1454 4660 noluerint,

285 4697 432 4758 Christum
458 4696 620 4757 bominibus
648 4688 865 4755 conversantem
895 4699 1031 4769 tanquam
1062 4693 1193 4752 lunonem
1220 4692 1373 4771 rejicerent
1400 4694 1454 4749 etc.

284 4800 980 4879 1111111111111111111111111111111111
1007 4799 1073 4859 vitae
1095 4804 1210 4859 aeternae
1238 4796 1467 4871 consequenda,
